2654 3922
525 199 744 262 ..47-

130 358 172 436 τῷ
200 356 323 443 τοιούτῳ
350 351 499 442 τύπω),
525 359 576 421 καί
601 360 695 432 οὕτως
718 357 921 441 ἐλαττωθῆναι
943 364 1017 425 κατὰ
1039 366 1145 448 μικρὸν

130 449 186 572 τὴν
204 453 363 614 εἰρημένην
381 456 477 519 πόλιν.
512 455 719 538 ἀποδεχόμεθα
737 460 841 520 τοίνυν
855 459 911 539 τὴν
925 460 982 540 σὴν
996 461 1145 545 ὑπεροχὴν

129 547 182 610 καὶ
208 553 323 626 τούτοις
349 551 509 616 ἐπιστᾶσαν
533 548 670 638 [καλ]“”)
692 557 802 628 θεσπίζ
785 558 888 637 ζομεν,
916 557 988 735 μνῇτε
1012 569 1071 621 τῶν
1094 583 1145 622 πε-

130 648 317 728 πορισμένων
354 650 411 711 τισί
446 656 596 724 παντελῶς
632 654 776 716 τοιούτων
806 655 902 716 θείαν
937 654 1145 740 [ἢ]ίιρνικῶν

129 740 293 829 vomam)
317 746 423 826 ύφελός
446 772 474 811 τι
495 750 687 830 καθιστάναι,
710 749 783 811 ἀλλὰ
805 753 918 825 πάντας
941 753 1145 836 ἐπιγινώσκειν

128 853 216 907 τοῦτο
253 841 269 906 ὁ
302 844 383 928 μέχρι
413 855 473 908 τῶν
504 847 619 929 χρόνον
649 849 835 931 Στρατννίον
866 860 919 911 τού
951 850 1145 928 ἐνδοξοτάτον

127 941 283 1022 ἐδίδοσαν,
310 941 437 1024 μηδὲ
411 967 463 1005 τον
490 945 683 1026 περίβλεπτον
710 945 925 1027 αύγονστάλιον
947 950 1069 1012 πλείονα
1092 952 1144 1012 δα-

129 1041 232 1119 πάνην
254 1039 320 1102 τινὰ
342 1047 439 1102 ποιεῖν
457 1040 537 1124 παρὰ
555 1042 610 1121 τὴν
629 1042 798 1126 ἔμπροσθεν
818 1043 869 1105 καλ
886 1043 935 1106 ἐπὶ
953 1055 1012 1108 τῶν
1030 1047 1145 1129 χρόνων

129 1139 318 1220 Στρατηγίον
349 1149 402 1200 τοῦ
435 1138 627 1213 ἐνδοξοτάτον
659 1139 927 1222 πολιτευσαμέννν,
963 1142 1038 1223 μηδὲ
1070 1145 1144 1206 κατά

128 1237 322 1316 καινοτομίαν
356 1236 423 1297 τινὰ
459 1239 681 1319 προσάπτεσθαι
717 1247 776 1299 τῶν
813 1243 903 1301 τελῶν
940 1238 1062 1303 ἐκείνων
1093 1241 1145 1303 καί

129 1331 224 1419 ἐαυτῷ
246 1332 388 1415 ἐκδικεῖν,
411 1331 483 1396 ἀλλά
505 1333 555 1397 καλ
577 1335 609 1397 τὸ
633 1335 755 1418 άςιχαῖον
778 1342 971 1418 φυλαχθῆναι
993 1349 1089 1421 σχῆμα
1111 1340 1143 1402 τὸ

129 1396 212 1512 μέχρί
238 1433 423 1515 Στρατνγίον
450 1443 502 1496 τού
528 1432 721 1508 ἐνδοξοτάτον
748 1432 799 1496 καί
826 1435 931 1497 αύτοῦ
959 1435 1031 1517 μήτε
1058 1444 1142 1516 φιλο-

131 1529 242 1600 νεικίας
269 1527 409 1612 ἀφορμὴν
437 1532 568 1610 δοθῆναι
593 1536 634 1615 τῷ
662 1554 690 1592 τε
717 1531 791 1593 κατὰ
814 1532 918 1615 καιρὸν
942 1533 1144 1622 αύγονσταλίνι

132 1624 185 1711 [τῷ
208 1648 238 1687 τε
261 1624 407 1712 άποὸἐκτν
425 1636 485 1688 τῶν
503 1621 707 1742 ondlav]¹³²)‚
729 1627 780 1691 καί
798 1628 901 1691 τὸν
869 1653 924 1709 μεν
943 1628 983 1703 ὡς
1002 1631 1039 1694 ού
1058 1635 1144 1713 λάβοι

129 1823 277 1884 eiusmodi
300 1823 442 1902 vectigali
466 1824 609 1884 obnoxiae
632 1827 717 1883 sunt=
741 1827 771 1883 et
794 1824 836 1883 sic
858 1826 1009 1900 paulatim
1031 1826 1092 1887 dict
1080 1831 1143 1887 tam

127 1922 235 1981 urbem
257 1921 497 1983 imminutionem
520 1940 583 1981 esse
606 1940 733 1999 passam.
779 1922 888 1999 Itaque
911 1924 1071 1984 laudamus
1095 1945 1143 1985 ex-

128 2019 301 2078 cellentiam
323 2021 409 2078 tuam
433 2020 514 2096 quod
537 2022 567 2079 et
589 2019 621 2078 in
642 2019 717 2079 haec
739 2020 876 2079 intentus
899 2021 998 2100 fuisti,
1023 2026 1053 2082 et
1076 2042 1143 2082 san-

128 2117 224 2176 cimus
251 2136 305 2177 nec
333 2117 375 2176 eis
404 2117 457 2192 qui
484 2117 655 2178 istiusmodi
683 2118 803 2178 omnino
832 2118 948 2178 divinas
976 2123 1032 2178 aut
1058 2140 1143 2197 prae-

127 2213 269 2274 fectorios
287 2213 399 2274 formas
418 2215 657 2290 impetraverunt
675 2215 914 2275 emolumentum
932 2217 1056 2293 aliquod
1074 2218 1143 2282 inde

128 2329 202 2389 esse,
226 2311 277 2370 sed
295 2311 333 2370 ab
352 2311 490 2371 omnibus
509 2311 588 2388 exigi
608 2311 688 2387 quod
705 2329 802 2387 usque
822 2312 860 2370 ad
878 2315 1015 2388 tempora
1033 2315 1143 2391 glon'o·

130 2408 241 2467 sissimi
265 2408 409 2487 Strategii
432 2408 586 2486 dederunt,
609 2427 705 2483 noque
729 2407 923 2483 spectabilem
940 2410 1143 2486 Augustalcm

128 2505 305 2582 ampliorem
336 2506 502 2582 impensam
533 2506 630 2565 facere
663 2523 755 2580 quam
787 2508 876 2564 antea
903 2508 935 2565 et
956 2506 1142 2581 tempon'bus

127 2602 337 2680 gloriosissimi
365 2603 509 2681 Strategii
536 2602 567 2661 in
594 2601 667 2662 urbe
695 2601 798 2680 fiebat,
826 2622 922 2679 neque
949 2603 1035 2662 novis
1063 2623 1141 2663 com·

127 2700 237 2759 montis
275 2701 423 2778 attingere
459 2699 622 2778 vectigalia
653 2699 707 2759 illa
739 2702 770 2758 et
801 2699 858 2758 sibi
889 2699 1054 2760 vindicare:
1091 2701 1143 2760 sed

128 2797 232 2872 potius
251 2797 411 2873 antiquum
429 2800 543 2856 statum
562 2797 707 2856 custodiri
725 2797 779 2873 qui
797 2797 858 2855 fuit
875 2815 971 2874 usque
991 2799 1143 2875 adipsum

127 2894 379 2971 gloriosissimum
397 2894 596 2973 Strategium:
619 2914 716 2971 nequo
739 2894 939 2954 contentionis
958 2895 1143 2956 occasionem

127 2992 194 3050 dari
214 3011 269 3067 pro
288 2994 421 3068 tempore
440 2994 507 3050 tum
520 2991 686 3069 Augustali
704 2994 770 3050 tum
788 2993 950 3051 naulorum
968 2993 1142 3070 susceptoii‚

130 3108 261 3166 quorum
289 3090 366 3148 alter
388 3107 419 3148 se
443 3088 518 3146 nihil
542 3089 653 3165 cepisse
677 3089 758 3147 dicat
781 3089 859 3148 alter
880 3108 951 3148 varo
973 3089 1073 3146 minus
1097 3108 1142 3148 oe-

201 3277 264 3342 129)
284 3273 349 3329 Scil.
367 3283 416 3330 τοῦ
436 3271 596 3346 ἐξαγωγίου.
670 3278 732 3344 130)
749 3273 808 3328 Aut
827 3272 875 3327 καλ
894 3272 1073 3326 inserendum
1091 3276 1142 3327 aut

128 3343 336 3417 ἀποδεχόμενοι
358 3295 541 3415 legende
591 3347 653 3413 131)
677 3343 743 3398 (lod.
767 3352 894 3400 τοιοῦτον
917 3347 1001 3398 θεῖον
1023 3343 1141 3469 &cgesto

128 3417 446 3487 τύπον.132)Ηοεο
461 3415 620 3487 supplenda
629 3417 820 3485 suntpropter
830 3413 1065 3484 sequentiatdvp
1080 3433 1097 3467 ν
1106 3445 1140 3453 -

127 3489 177 3544 τὸν
196 3485 236 3544 δέ.
