<?xml version="1.0" encoding="UTF-8"?>
<!DOCTYPE html PUBLIC "-//W3C//DTD XHTML 1.0 Transitional//EN"
    "http://www.w3.org/TR/xhtml1/DTD/xhtml1-transitional.dtd">
<html xmlns="http://www.w3.org/1999/xhtml" xml:lang="en" lang="en">
 <head>
  <title>
</title>
<meta http-equiv="Content-Type" content="text/html;charset=utf-8" />
  <meta name='ocr-system' content='tesseract 3.04.00' />
  <meta name='ocr-capabilities' content='ocr_page ocr_carea ocr_par ocr_line ocrx_word'/>
</head>
<body>
  <div class='ocr_page' id='page_1' title='image "./appendixadediti00linggoog_0102.png"; bbox 0 0 2654 3922; ppageno 0'>
   <div class='ocr_carea' id='block_1_1' title="bbox 534 199 753 262">
    <p class='ocr_par' dir='ltr' id='par_1_1' title="bbox 534 199 753 262">
     <span class='ocr_line' id='line_1_1' title="bbox 534 199 753 262; baseline 0 -20"><span class='ocrx_word' id='word_1_1' title='bbox 534 199 753 262; x_wconf 51' lang='grc' dir='ltr'><strong>..6ηῇ</strong></span> 
     </span>
    </p>
   </div>
   <div class='ocr_carea' id='block_1_2' title="bbox 135 357 1151 446">
    <p class='ocr_par' dir='ltr' id='par_1_2' title="bbox 135 357 1151 446">
     <span class='ocr_line' id='line_1_2' title="bbox 135 357 1151 446; baseline -0.004 -20"><span class='ocrx_word' id='word_1_2' title='bbox 135 363 189 426; x_wconf 78' lang='grc' dir='ltr'><strong>καὶ</strong></span> <span class='ocrx_word' id='word_1_3' title='bbox 211 361 258 424; x_wconf 80' lang='grc' dir='ltr'><strong><em>έπὶ</em></strong></span> <span class='ocrx_word' id='word_1_4' title='bbox 281 361 335 440; x_wconf 75' lang='grc' dir='ltr'><strong>τὴν</strong></span> <span class='ocrx_word' id='word_1_5' title='bbox 350 357 565 442; x_wconf 79' lang='grc' dir='ltr'><strong><em>Ἀλεξανδρέων</em></strong></span> <span class='ocrx_word' id='word_1_6' title='bbox 588 358 798 440; x_wconf 77' lang='grc' dir='ltr'><strong><em>ἐκπέμπεσθαι.</em></strong></span> <span class='ocrx_word' id='word_1_7' title='bbox 835 358 1015 441; x_wconf 80' lang='grc' dir='ltr'><em>ἀφορίζομεν</em></span> <span class='ocrx_word' id='word_1_8' title='bbox 1036 359 1151 446; x_wconf 80' lang='grc' dir='ltr'><strong><em>γὰρτῷ</em></strong></span> 
     </span>
    </p>
   </div>
   <div class='ocr_carea' id='block_1_3' title="bbox 134 456 1155 1511">
    <p class='ocr_par' dir='ltr' id='par_1_3' title="bbox 134 456 1155 1511">
     <span class='ocr_line' id='line_1_3' title="bbox 136 456 1151 546; baseline -0.005 -24"><span class='ocrx_word' id='word_1_9' title='bbox 136 458 282 546; x_wconf 77' lang='grc' dir='ltr'><strong>εἰρημένῳ</strong></span> <span class='ocrx_word' id='word_1_10' title='bbox 313 467 497 544; x_wconf 74' lang='grc' dir='ltr'><strong><em>τοποτηρητῇ</em></strong></span> <span class='ocrx_word' id='word_1_11' title='bbox 529 456 579 518; x_wconf 80' lang='grc' dir='ltr'><strong>καί</strong></span> <span class='ocrx_word' id='word_1_12' title='bbox 606 457 699 519; x_wconf 88' lang='grc' dir='ltr'><strong><em>εἴκοσι</em></strong></span> <span class='ocrx_word' id='word_1_13' title='bbox 725 456 868 530; x_wconf 84' lang='grc' dir='ltr'><strong><em>ταξεώτας</em></strong></span> <span class='ocrx_word' id='word_1_14' title='bbox 895 465 948 537; x_wconf 74' lang='grc' dir='ltr'><strong>τῆς</strong></span> <span class='ocrx_word' id='word_1_15' title='bbox 970 457 1076 531; x_wconf 78' lang='grc' dir='ltr'><strong><em>τάξεως</em></strong></span> <span class='ocrx_word' id='word_1_16' title='bbox 1099 467 1151 538; x_wconf 76' lang='grc' dir='ltr'><strong>τῆς</strong></span> 
     </span>
     <span class='ocr_line' id='line_1_4' title="bbox 135 551 1152 641; baseline -0.005 -22"><span class='ocrx_word' id='word_1_17' title='bbox 135 555 321 636; x_wconf 72' lang='grc' dir='ltr'><strong><em>πειθομένης</em></strong></span> <span class='ocrx_word' id='word_1_18' title='bbox 348 561 388 641; x_wconf 79' lang='grc' dir='ltr'><strong>τῷ</strong></span> <span class='ocrx_word' id='word_1_19' title='bbox 415 554 558 640; x_wconf 73' lang='grc' dir='ltr'><strong>ἐπιχωρίῳ</strong></span> <span class='ocrx_word' id='word_1_20' title='bbox 580 563 634 633; x_wconf 79' lang='grc' dir='ltr'><strong>τῆς</strong></span> <span class='ocrx_word' id='word_1_21' title='bbox 656 553 784 634; x_wconf 80' lang='grc' dir='ltr'><strong><em>Λιβύων</em></strong></span> <span class='ocrx_word' id='word_1_22' title='bbox 807 551 939 634; x_wconf 71' lang='grc' dir='ltr'><strong><em>ἄρχοντι,</em></strong></span> <span class='ocrx_word' id='word_1_23' title='bbox 965 554 1015 616; x_wconf 79' lang='grc' dir='ltr'><strong>καὶ</strong></span> <span class='ocrx_word' id='word_1_24' title='bbox 1039 571 1152 636; x_wconf 86' lang='grc' dir='ltr'><strong><em>στρατι-</em></strong></span> 
     </span>
     <span class='ocr_line' id='line_1_5' title="bbox 136 649 1152 734; baseline -0.002 -19"><span class='ocrx_word' id='word_1_25' title='bbox 136 656 216 727; x_wconf 83' lang='grc' dir='ltr'><strong><em>ώτας</em></strong></span> <span class='ocrx_word' id='word_1_26' title='bbox 242 662 302 714; x_wconf 83' lang='grc' dir='ltr'><strong>τῶν</strong></span> <span class='ocrx_word' id='word_1_27' title='bbox 328 651 418 714; x_wconf 77' lang='grc' dir='ltr'><strong><em>ἐκεῖσε</em></strong></span> <span class='ocrx_word' id='word_1_28' title='bbox 446 650 613 733; x_wconf 74' lang='grc' dir='ltr'><strong><em>ἱδρυμένων</em></strong></span> <span class='ocrx_word' id='word_1_29' title='bbox 640 649 706 732; x_wconf 81' lang='grc' dir='ltr'><strong><em>δίχρι</em></strong></span> <span class='ocrx_word' id='word_1_30' title='bbox 732 650 915 729; x_wconf 79' lang='grc' dir='ltr'><strong><em>πεντήκοντα</em></strong></span> <span class='ocrx_word' id='word_1_31' title='bbox 936 651 988 712; x_wconf 87' lang='grc' dir='ltr'><strong>τὸν</strong></span> <span class='ocrx_word' id='word_1_32' title='bbox 1010 650 1152 734; x_wconf 74' lang='grc' dir='ltr'><strong><em>ἀριθμὸν,</em></strong></span> 
     </span>
     <span class='ocr_line' id='line_1_6' title="bbox 136 747 1152 831; baseline 0 -19"><span class='ocrx_word' id='word_1_33' title='bbox 136 752 212 813; x_wconf 74' lang='grc' dir='ltr'><strong><em>ὥστε</em></strong></span> <span class='ocrx_word' id='word_1_34' title='bbox 245 750 336 812; x_wconf 79' lang='grc' dir='ltr'><strong><em>αὐτὸν</em></strong></span> <span class='ocrx_word' id='word_1_35' title='bbox 364 748 438 830; x_wconf 73' lang='grc' dir='ltr'><strong><em>ἔχειν</em></strong></span> <span class='ocrx_word' id='word_1_36' title='bbox 465 748 515 810; x_wconf 83' lang='grc' dir='ltr'><strong>καί</strong></span> <span class='ocrx_word' id='word_1_37' title='bbox 542 749 612 821; x_wconf 83' lang='grc' dir='ltr'><strong><em>τοὺς</em></strong></span> <span class='ocrx_word' id='word_1_38' title='bbox 640 747 847 821; x_wconf 72' lang='grc' dir='ltr'><strong><em>ὑπακούοντας</em></strong></span> <span class='ocrx_word' id='word_1_39' title='bbox 875 747 1016 822; x_wconf 77' lang='grc' dir='ltr'><strong><em>καὶτοὺς</em></strong></span> <span class='ocrx_word' id='word_1_40' title='bbox 1039 749 1152 831; x_wconf 74' lang='grc' dir='ltr'><strong><em>ὑπουρ-</em></strong></span> 
     </span>
     <span class='ocr_line' id='line_1_7' title="bbox 134 839 1152 930; baseline -0.001 -21"><span class='ocrx_word' id='word_1_41' title='bbox 134 857 265 930; x_wconf 78' lang='grc' dir='ltr'><strong><em>χοῦντας</em></strong></span> <span class='ocrx_word' id='word_1_42' title='bbox 283 846 333 908; x_wconf 80' lang='grc' dir='ltr'><strong>καί</strong></span> <span class='ocrx_word' id='word_1_43' title='bbox 353 846 457 908; x_wconf 86' lang='grc' dir='ltr'><strong><em>ίκανδν</em></strong></span> <span class='ocrx_word' id='word_1_44' title='bbox 471 840 547 907; x_wconf 79' lang='grc' dir='ltr'><strong><em>εἶναι</em></strong></span> <span class='ocrx_word' id='word_1_45' title='bbox 561 845 596 907; x_wconf 85' lang='grc' dir='ltr'><strong>τὰ</strong></span> <span class='ocrx_word' id='word_1_46' title='bbox 610 845 797 927; x_wconf 79' lang='grc' dir='ltr'><strong><em>προσήκοντα</em></strong></span> <span class='ocrx_word' id='word_1_47' title='bbox 812 839 1016 929; x_wconf 53' lang='grc' dir='ltr'><strong><em>πράττεινιῦθ).</em></strong></span> <span class='ocrx_word' id='word_1_48' title='bbox 1039 846 1152 928; x_wconf 81' lang='grc' dir='ltr'><strong><em>δπονρ-</em></strong></span> 
     </span>
     <span class='ocr_line' id='line_1_8' title="bbox 136 941 1155 1028; baseline -0.001 -23"><span class='ocrx_word' id='word_1_49' title='bbox 136 945 265 1028; x_wconf 76' lang='grc' dir='ltr'><strong><em>γήσονοι</em></strong></span> <span class='ocrx_word' id='word_1_50' title='bbox 292 941 324 1004; x_wconf 83' lang='grc' dir='ltr'><strong>δὲ</strong></span> <span class='ocrx_word' id='word_1_51' title='bbox 352 944 432 1028; x_wconf 80' lang='grc' dir='ltr'><strong><em>αὐτῷ</em></strong></span> <span class='ocrx_word' id='word_1_52' title='bbox 455 945 487 1004; x_wconf 83' lang='grc' dir='ltr'><strong>οἱ</strong></span> <span class='ocrx_word' id='word_1_53' title='bbox 507 941 657 1025; x_wconf 77' lang='grc' dir='ltr'><strong><em>εἰρημένοι</em></strong></span> <span class='ocrx_word' id='word_1_54' title='bbox 678 943 817 1016; x_wconf 84' lang='grc' dir='ltr'><strong><em>ταξεῶται</em></strong></span> <span class='ocrx_word' id='word_1_55' title='bbox 839 942 889 1004; x_wconf 79' lang='grc' dir='ltr'><strong>καί</strong></span> <span class='ocrx_word' id='word_1_56' title='bbox 912 951 1082 1025; x_wconf 82' lang='grc' dir='ltr'><strong><em>στρατιῶται</em></strong></span> <span class='ocrx_word' id='word_1_57' title='bbox 1104 943 1155 1005; x_wconf 85' lang='grc' dir='ltr'><strong><em>έπί</em></strong></span> 
     </span>
     <span class='ocr_line' id='line_1_9' title="bbox 136 1037 1152 1126; baseline -0.001 -23"><span class='ocrx_word' id='word_1_58' title='bbox 136 1065 169 1104; x_wconf 83' lang='grc' dir='ltr'><strong>τε</strong></span> <span class='ocrx_word' id='word_1_59' title='bbox 196 1052 232 1126; x_wconf 77' lang='grc' dir='ltr'><strong>τῇ</strong></span> <span class='ocrx_word' id='word_1_60' title='bbox 255 1042 440 1120; x_wconf 77' lang='grc' dir='ltr'><strong><em>καταστάσει,</em></strong></span> <span class='ocrx_word' id='word_1_61' title='bbox 468 1039 519 1102; x_wconf 89' lang='grc' dir='ltr'><strong><em>έπί</em></strong></span> <span class='ocrx_word' id='word_1_62' title='bbox 540 1063 569 1100; x_wconf 86' lang='grc' dir='ltr'><strong>τε</strong></span> <span class='ocrx_word' id='word_1_63' title='bbox 591 1046 653 1112; x_wconf 87' lang='grc' dir='ltr'><strong><em>τοῖς</em></strong></span> <span class='ocrx_word' id='word_1_64' title='bbox 676 1037 775 1113; x_wconf 74' lang='grc' dir='ltr'><strong><em>ἄλλοις</em></strong></span> <span class='ocrx_word' id='word_1_65' title='bbox 798 1041 919 1120; x_wconf 74' lang='grc' dir='ltr'><strong><em>ἅπασιν,</em></strong></span> <span class='ocrx_word' id='word_1_66' title='bbox 941 1040 1014 1121; x_wconf 80' lang='grc' dir='ltr'><strong><em>δίπερ</em></strong></span> <span class='ocrx_word' id='word_1_67' title='bbox 1038 1038 1152 1122; x_wconf 76' lang='grc' dir='ltr'><strong><em>ἀνάγκη</em></strong></span> 
     </span>
     <span class='ocr_line' id='line_1_10' title="bbox 137 1135 1154 1221; baseline -0.002 -21"><span class='ocrx_word' id='word_1_68' title='bbox 137 1139 279 1221; x_wconf 79' lang='grc' dir='ltr'><strong><em>πράττειν</em></strong></span> <span class='ocrx_word' id='word_1_69' title='bbox 310 1138 362 1200; x_wconf 90' lang='grc' dir='ltr'><strong>τὸν</strong></span> <span class='ocrx_word' id='word_1_70' title='bbox 392 1143 565 1219; x_wconf 76' lang='grc' dir='ltr'><strong><em>πέηροῦντα</em></strong></span> <span class='ocrx_word' id='word_1_71' title='bbox 596 1136 651 1215; x_wconf 79' lang='grc' dir='ltr'><strong>τὴν</strong></span> <span class='ocrx_word' id='word_1_72' title='bbox 678 1146 730 1216; x_wconf 76' lang='grc' dir='ltr'><strong>τῆς</strong></span> <span class='ocrx_word' id='word_1_73' title='bbox 757 1135 848 1218; x_wconf 79' lang='grc' dir='ltr'><strong><em>ἀρχῆς</em></strong></span> <span class='ocrx_word' id='word_1_74' title='bbox 874 1138 985 1218; x_wconf 83' lang='grc' dir='ltr'><strong><em>χρείαν·</em></strong></span> <span class='ocrx_word' id='word_1_75' title='bbox 1008 1136 1154 1215; x_wconf 80' lang='grc' dir='ltr'><strong><em>έπιδοθή-</em></strong></span> 
     </span>
     <span class='ocr_line' id='line_1_11' title="bbox 134 1228 1152 1322; baseline -0.003 -24"><span class='ocrx_word' id='word_1_76' title='bbox 134 1255 243 1298; x_wconf 86' lang='grc' dir='ltr'><strong><em>σονται</em></strong></span> <span class='ocrx_word' id='word_1_77' title='bbox 265 1234 297 1298; x_wconf 81' lang='grc' dir='ltr'><strong>δὲ</strong></span> <span class='ocrx_word' id='word_1_78' title='bbox 320 1235 399 1320; x_wconf 81' lang='grc' dir='ltr'><strong><em>αὐτῷ</em></strong></span> <span class='ocrx_word' id='word_1_79' title='bbox 422 1236 498 1322; x_wconf 77' lang='grc' dir='ltr'><strong><em>λέγω</em></strong></span> <span class='ocrx_word' id='word_1_80' title='bbox 521 1236 715 1317; x_wconf 80' lang='grc' dir='ltr'><strong><em>παραμωθίας</em></strong></span> <span class='ocrx_word' id='word_1_81' title='bbox 733 1233 836 1316; x_wconf 81' lang='grc' dir='ltr'><strong><em>χρνσοὶ</em></strong></span> <span class='ocrx_word' id='word_1_82' title='bbox 853 1234 964 1297; x_wconf 88' lang='grc' dir='ltr'><strong><em>έκατόν.</em></strong></span> <span class='ocrx_word' id='word_1_83' title='bbox 1001 1228 1152 1317; x_wconf 50' lang='grc' dir='ltr'><strong><em>ταῦταῑῧέ)</em></strong></span> 
     </span>
     <span class='ocr_line' id='line_1_12' title="bbox 136 1324 1153 1415; baseline 0 -22"><span class='ocrx_word' id='word_1_84' title='bbox 136 1330 195 1414; x_wconf 78' lang='grc' dir='ltr'><strong>μὲν</strong></span> <span class='ocrx_word' id='word_1_85' title='bbox 224 1330 298 1412; x_wconf 78' lang='grc' dir='ltr'><strong><em>ἡμῖν</em></strong></span> <span class='ocrx_word' id='word_1_86' title='bbox 320 1331 411 1415; x_wconf 85' lang='grc' dir='ltr'><strong><em>πέρας</em></strong></span> <span class='ocrx_word' id='word_1_87' title='bbox 434 1331 519 1414; x_wconf 82' lang='grc' dir='ltr'><strong><em>έχέτω</em></strong></span> <span class='ocrx_word' id='word_1_88' title='bbox 542 1332 592 1394; x_wconf 80' lang='grc' dir='ltr'><strong>καί</strong></span> <span class='ocrx_word' id='word_1_89' title='bbox 614 1331 649 1392; x_wconf 88' lang='grc' dir='ltr'><strong>τδι</strong></span> <span class='ocrx_word' id='word_1_90' title='bbox 672 1331 814 1413; x_wconf 77' lang='grc' dir='ltr'><strong><em>περὶτῆς</em></strong></span> <span class='ocrx_word' id='word_1_91' title='bbox 837 1324 1015 1414; x_wconf 55' lang='grc' dir='ltr'><strong>Λιβύηςιεῡ)</strong></span> <span class='ocrx_word' id='word_1_92' title='bbox 1041 1333 1153 1411; x_wconf 80' lang='grc' dir='ltr'><strong><em>διοική-</em></strong></span> 
     </span>
     <span class='ocr_line' id='line_1_13' title="bbox 135 1428 438 1511; baseline 0 -20"><span class='ocrx_word' id='word_1_93' title='bbox 135 1448 213 1503; x_wconf 85' lang='grc' dir='ltr'><strong><em>σεως</em></strong></span> <span class='ocrx_word' id='word_1_94' title='bbox 236 1428 438 1511; x_wconf 81' lang='grc' dir='ltr'><strong><em>διαταχθέντα.</em></strong></span> 
     </span>
    </p>
   </div>
   <div class='ocr_carea' id='block_1_4' title="bbox 140 1629 1153 1810">
    <p class='ocr_par' dir='ltr' id='par_1_4' title="bbox 140 1629 1153 1810">
     <span class='ocr_line' id='line_1_14' title="bbox 205 1629 1152 1712; baseline 0.002 -20"><span class='ocrx_word' id='word_1_95' title='bbox 205 1629 386 1694; x_wconf 79' lang='grc' dir='ltr'><strong><em>Ἀκέλοοθον</em></strong></span> <span class='ocrx_word' id='word_1_96' title='bbox 417 1632 520 1693; x_wconf 88' lang='grc' dir='ltr'><strong><em>τοίνυν</em></strong></span> <span class='ocrx_word' id='word_1_97' title='bbox 552 1629 630 1692; x_wconf 76' lang='grc' dir='ltr'><strong><em>ἐστὶν</em></strong></span> <span class='ocrx_word' id='word_1_98' title='bbox 662 1629 802 1691; x_wconf 73' lang='grc' dir='ltr'><strong><em>ἐντεῦθεν</em></strong></span> <span class='ocrx_word' id='word_1_99' title='bbox 835 1631 976 1711; x_wconf 75' lang='grc' dir='ltr'><strong><em>διαβῆναι</em></strong></span> <span class='ocrx_word' id='word_1_100' title='bbox 1003 1629 1081 1712; x_wconf 75' lang='grc' dir='ltr'><strong><em>ἡμᾶς</em></strong></span> <span class='ocrx_word' id='word_1_101' title='bbox 1104 1632 1152 1694; x_wconf 83' lang='grc' dir='ltr'><strong><em>έπὶ</em></strong></span> 
     </span>
     <span class='ocr_line' id='line_1_15' title="bbox 140 1723 1153 1810; baseline -0.001 -19"><span class='ocrx_word' id='word_1_102' title='bbox 140 1729 173 1791; x_wconf 90' lang='grc' dir='ltr'><strong>τὸ</strong></span> <span class='ocrx_word' id='word_1_103' title='bbox 199 1728 351 1810; x_wconf 85' lang='grc' dir='ltr'><strong><em>Θηβαϊκδν</em></strong></span> <span class='ocrx_word' id='word_1_104' title='bbox 370 1727 493 1808; x_wconf 80' lang='grc' dir='ltr'><strong><em>λιμιτὸν,</em></strong></span> <span class='ocrx_word' id='word_1_105' title='bbox 516 1725 645 1789; x_wconf 89' lang='grc' dir='ltr'><strong><em>τοντέστι</em></strong></span> <span class='ocrx_word' id='word_1_106' title='bbox 664 1728 719 1790; x_wconf 86' lang='grc' dir='ltr'><strong>δύο</strong></span> <span class='ocrx_word' id='word_1_107' title='bbox 741 1729 905 1808; x_wconf 77' lang='grc' dir='ltr'><strong><em>Θηβαΐδος,</em></strong></span> <span class='ocrx_word' id='word_1_108' title='bbox 927 1723 1030 1810; x_wconf 86' lang='grc' dir='ltr'><strong><em>αίοπερ</em></strong></span> <span class='ocrx_word' id='word_1_109' title='bbox 1048 1727 1153 1807; x_wconf 85' lang='grc' dir='ltr'><strong><em>έπέστη</em></strong></span> 
     </span>
    </p>
   </div>
   <div class='ocr_carea' id='block_1_5' title="bbox 138 1905 1156 2955">
    <p class='ocr_par' dir='ltr' id='par_1_5' title="bbox 138 1905 1156 2955">
     <span class='ocr_line' id='line_1_16' title="bbox 139 1905 1153 1968; baseline -0.002 0"><span class='ocrx_word' id='word_1_110' title='bbox 139 1908 301 1968; x_wconf 85' lang='lat' dir='ltr'><strong>tradantur</strong></span> <span class='ocrx_word' id='word_1_111' title='bbox 327 1910 357 1966; x_wconf 89' lang='lat' dir='ltr'><strong>et</strong></span> <span class='ocrx_word' id='word_1_112' title='bbox 381 1907 420 1965; x_wconf 85' lang='lat' dir='ltr'><strong>ad</strong></span> <span class='ocrx_word' id='word_1_113' title='bbox 442 1906 547 1965; x_wconf 88' lang='lat' dir='ltr'><strong>urbem</strong></span> <span class='ocrx_word' id='word_1_114' title='bbox 569 1905 842 1966; x_wconf 78' lang='lat' dir='ltr'><strong>Alexandrinorum</strong></span> <span class='ocrx_word' id='word_1_115' title='bbox 864 1907 1033 1967; x_wconf 78' lang='lat' dir='ltr'><strong>mittantur.</strong></span> <span class='ocrx_word' id='word_1_116' title='bbox 1071 1908 1153 1966; x_wconf 84' lang='lat' dir='ltr'><strong>Assi-</strong></span> 
     </span>
     <span class='ocr_line' id='line_1_17' title="bbox 138 2003 1153 2084; baseline -0.002 -20"><span class='ocrx_word' id='word_1_117' title='bbox 138 2024 268 2084; x_wconf 84' lang='lat' dir='ltr'><strong>gnamus</strong></span> <span class='ocrx_word' id='word_1_118' title='bbox 292 2004 371 2064; x_wconf 88' lang='lat' dir='ltr'><strong>enim</strong></span> <span class='ocrx_word' id='word_1_119' title='bbox 394 2003 475 2064; x_wconf 81' lang='lat' dir='ltr'><strong>dioto</strong></span> <span class='ocrx_word' id='word_1_120' title='bbox 497 2003 611 2064; x_wconf 78' lang='lat' dir='ltr'><strong>vicario</strong></span> <span class='ocrx_word' id='word_1_121' title='bbox 635 2003 728 2063; x_wconf 86' lang='lat' dir='ltr'><strong>etiam</strong></span> <span class='ocrx_word' id='word_1_122' title='bbox 745 2004 856 2083; x_wconf 79' lang='lat' dir='ltr'><strong>viginti</strong></span> <span class='ocrx_word' id='word_1_123' title='bbox 874 2005 1017 2065; x_wconf 79' lang='lat' dir='ltr'><strong>officiales</strong></span> <span class='ocrx_word' id='word_1_124' title='bbox 1035 2025 1071 2064; x_wconf 83' lang='lat' dir='ltr'><strong>ex</strong></span> <span class='ocrx_word' id='word_1_125' title='bbox 1090 2004 1153 2065; x_wconf 88' lang='lat' dir='ltr'><strong>offi-</strong></span> 
     </span>
     <span class='ocr_line' id='line_1_18' title="bbox 139 2100 1154 2179; baseline -0.003 -16"><span class='ocrx_word' id='word_1_126' title='bbox 139 2103 187 2163; x_wconf 92' lang='lat' dir='ltr'><strong>oio</strong></span> <span class='ocrx_word' id='word_1_127' title='bbox 214 2102 373 2179; x_wconf 80' lang='lat' dir='ltr'>indigenae</span> <span class='ocrx_word' id='word_1_128' title='bbox 396 2100 562 2177; x_wconf 87' lang='lat' dir='ltr'><strong>Libyorum</strong></span> <span class='ocrx_word' id='word_1_129' title='bbox 588 2101 682 2162; x_wconf 88' lang='lat' dir='ltr'><strong>iudioi</strong></span> <span class='ocrx_word' id='word_1_130' title='bbox 709 2106 833 2177; x_wconf 87' lang='lat' dir='ltr'><strong>parente</strong></span> <span class='ocrx_word' id='word_1_131' title='bbox 862 2106 893 2162; x_wconf 87' lang='lat' dir='ltr'><strong>et</strong></span> <span class='ocrx_word' id='word_1_132' title='bbox 914 2104 1026 2163; x_wconf 82' lang='lat' dir='ltr'><strong>milites</strong></span> <span class='ocrx_word' id='word_1_133' title='bbox 1050 2123 1085 2162; x_wconf 86' lang='lat' dir='ltr'><strong>ex</strong></span> <span class='ocrx_word' id='word_1_134' title='bbox 1107 2103 1154 2161; x_wconf 91' lang='lat' dir='ltr'><strong>his</strong></span> 
     </span>
     <span class='ocr_line' id='line_1_19' title="bbox 142 2198 1154 2279; baseline 0.001 -21"><span class='ocrx_word' id='word_1_135' title='bbox 142 2200 196 2277; x_wconf 92' lang='lat' dir='ltr'><strong>qui</strong></span> <span class='ocrx_word' id='word_1_136' title='bbox 222 2199 265 2257; x_wconf 92' lang='lat' dir='ltr'><strong>ibi</strong></span> <span class='ocrx_word' id='word_1_137' title='bbox 293 2198 453 2258; x_wconf 89' lang='lat' dir='ltr'><strong>stationem</strong></span> <span class='ocrx_word' id='word_1_138' title='bbox 480 2199 593 2257; x_wconf 90' lang='lat' dir='ltr'><strong>habent</strong></span> <span class='ocrx_word' id='word_1_139' title='bbox 621 2199 844 2276; x_wconf 77' lang='lat' dir='ltr'><strong>quinquaginta</strong></span> <span class='ocrx_word' id='word_1_140' title='bbox 866 2221 1004 2279; x_wconf 83' lang='lat' dir='ltr'><strong>numero,</strong></span> <span class='ocrx_word' id='word_1_141' title='bbox 1032 2204 1068 2259; x_wconf 91' lang='lat' dir='ltr'><strong>ut</strong></span> <span class='ocrx_word' id='word_1_142' title='bbox 1090 2201 1154 2277; x_wconf 89' lang='lat' dir='ltr'><strong>ipse</strong></span> 
     </span>
     <span class='ocr_line' id='line_1_20' title="bbox 139 2295 1156 2375; baseline 0 -19"><span class='ocrx_word' id='word_1_143' title='bbox 139 2296 251 2356; x_wconf 86' lang='lat' dir='ltr'><strong>habeat</strong></span> <span class='ocrx_word' id='word_1_144' title='bbox 274 2296 326 2372; x_wconf 90' lang='lat' dir='ltr'><strong>qui</strong></span> <span class='ocrx_word' id='word_1_145' title='bbox 350 2295 378 2354; x_wconf 88' lang='lat' dir='ltr'><strong>ei</strong></span> <span class='ocrx_word' id='word_1_146' title='bbox 400 2295 605 2371; x_wconf 85' lang='lat' dir='ltr'><strong>obtemperent</strong></span> <span class='ocrx_word' id='word_1_147' title='bbox 628 2298 659 2354; x_wconf 86' lang='lat' dir='ltr'><strong>et</strong></span> <span class='ocrx_word' id='word_1_148' title='bbox 680 2295 846 2354; x_wconf 86' lang='lat' dir='ltr'><strong>ministerio</strong></span> <span class='ocrx_word' id='word_1_149' title='bbox 865 2297 934 2375; x_wconf 75' lang='lat' dir='ltr'><strong>sint,</strong></span> <span class='ocrx_word' id='word_1_150' title='bbox 958 2301 989 2357; x_wconf 87' lang='lat' dir='ltr'><strong>et</strong></span> <span class='ocrx_word' id='word_1_151' title='bbox 1007 2300 1096 2373; x_wconf 87' lang='lat' dir='ltr'><strong>aptus</strong></span> <span class='ocrx_word' id='word_1_152' title='bbox 1116 2299 1156 2356; x_wconf 87' lang='lat' dir='ltr'><strong>sit</strong></span> 
     </span>
     <span class='ocr_line' id='line_1_21' title="bbox 140 2391 1156 2471; baseline -0.002 -17"><span class='ocrx_word' id='word_1_153' title='bbox 140 2395 180 2454; x_wconf 88' lang='lat' dir='ltr'><strong>ad</strong></span> <span class='ocrx_word' id='word_1_154' title='bbox 195 2395 311 2471; x_wconf 85' lang='lat' dir='ltr'><strong>agenda</strong></span> <span class='ocrx_word' id='word_1_155' title='bbox 326 2412 403 2470; x_wconf 85' lang='lat' dir='ltr'><strong>quas</strong></span> <span class='ocrx_word' id='word_1_156' title='bbox 417 2391 564 2452; x_wconf 83' lang='lat' dir='ltr'><strong>convenit.</strong></span> <span class='ocrx_word' id='word_1_157' title='bbox 596 2391 798 2450; x_wconf 88' lang='lat' dir='ltr'><strong>Ministerium</strong></span> <span class='ocrx_word' id='word_1_158' title='bbox 812 2396 914 2452; x_wconf 86' lang='lat' dir='ltr'><strong>autom</strong></span> <span class='ocrx_word' id='word_1_159' title='bbox 928 2395 956 2452; x_wconf 87' lang='lat' dir='ltr'><strong>ei</strong></span> <span class='ocrx_word' id='word_1_160' title='bbox 969 2394 1156 2469; x_wconf 89' lang='lat' dir='ltr'><strong>praebebunt</strong></span> 
     </span>
     <span class='ocr_line' id='line_1_22' title="bbox 140 2489 1155 2550; baseline -0.002 0"><span class='ocrx_word' id='word_1_161' title='bbox 140 2491 217 2550; x_wconf 86' lang='lat' dir='ltr'><strong>dieti</strong></span> <span class='ocrx_word' id='word_1_162' title='bbox 239 2489 380 2550; x_wconf 79' lang='lat' dir='ltr'><strong>officiales</strong></span> <span class='ocrx_word' id='word_1_163' title='bbox 404 2493 435 2549; x_wconf 88' lang='lat' dir='ltr'><strong>et</strong></span> <span class='ocrx_word' id='word_1_164' title='bbox 457 2489 568 2548; x_wconf 87' lang='lat' dir='ltr'><strong>milites</strong></span> <span class='ocrx_word' id='word_1_165' title='bbox 591 2491 655 2548; x_wconf 88' lang='lat' dir='ltr'><strong>tam</strong></span> <span class='ocrx_word' id='word_1_166' title='bbox 677 2489 709 2546; x_wconf 93' lang='lat' dir='ltr'><strong>in</strong></span> <span class='ocrx_word' id='word_1_167' title='bbox 732 2489 933 2550; x_wconf 79' lang='lat' dir='ltr'><strong>conservando</strong></span> <span class='ocrx_word' id='word_1_168' title='bbox 951 2509 1052 2548; x_wconf 85' lang='lat' dir='ltr'><strong>rerum</strong></span> <span class='ocrx_word' id='word_1_169' title='bbox 1071 2493 1155 2548; x_wconf 87' lang='lat' dir='ltr'><strong>statu</strong></span> 
     </span>
     <span class='ocr_line' id='line_1_23' title="bbox 143 2581 1155 2663; baseline -0.001 -18"><span class='ocrx_word' id='word_1_170' title='bbox 143 2606 236 2663; x_wconf 91' lang='lat' dir='ltr'><strong>quam</strong></span> <span class='ocrx_word' id='word_1_171' title='bbox 262 2586 293 2646; x_wconf 88' lang='lat' dir='ltr'><strong>in</strong></span> <span class='ocrx_word' id='word_1_172' title='bbox 314 2586 439 2663; x_wconf 88' lang='lat' dir='ltr'><strong>reliquis</strong></span> <span class='ocrx_word' id='word_1_173' title='bbox 457 2581 601 2646; x_wconf 61' lang='lat' dir='ltr'><strong>&#39;omnibus</strong></span> <span class='ocrx_word' id='word_1_174' title='bbox 625 2605 703 2662; x_wconf 90' lang='lat' dir='ltr'><strong>quae</strong></span> <span class='ocrx_word' id='word_1_175' title='bbox 725 2587 823 2646; x_wconf 81' lang='lat' dir='ltr'><strong>faeere</strong></span> <span class='ocrx_word' id='word_1_176' title='bbox 846 2605 964 2646; x_wconf 84' lang='lat' dir='ltr'><strong>necesse</strong></span> <span class='ocrx_word' id='word_1_177' title='bbox 986 2586 1078 2646; x_wconf 86' lang='lat' dir='ltr'><strong>habet</strong></span> <span class='ocrx_word' id='word_1_178' title='bbox 1101 2588 1155 2663; x_wconf 89' lang='lat' dir='ltr'><strong>qui</strong></span> 
     </span>
     <span class='ocr_line' id='line_1_24' title="bbox 142 2683 1155 2762; baseline 0 -20"><span class='ocrx_word' id='word_1_179' title='bbox 142 2683 249 2743; x_wconf 83' lang='lat' dir='ltr'><strong>iudicis</strong></span> <span class='ocrx_word' id='word_1_180' title='bbox 280 2704 403 2744; x_wconf 86' lang='lat' dir='ltr'><strong>munere</strong></span> <span class='ocrx_word' id='word_1_181' title='bbox 435 2685 586 2762; x_wconf 85' lang='lat' dir='ltr'><strong>fungitur:</strong></span> <span class='ocrx_word' id='word_1_182' title='bbox 620 2683 721 2743; x_wconf 87' lang='lat' dir='ltr'><strong>solatii</strong></span> <span class='ocrx_word' id='word_1_183' title='bbox 750 2703 820 2744; x_wconf 87' lang='lat' dir='ltr'><strong>vero</strong></span> <span class='ocrx_word' id='word_1_184' title='bbox 853 2685 918 2745; x_wconf 88' lang='lat' dir='ltr'><strong>looo</strong></span> <span class='ocrx_word' id='word_1_185' title='bbox 946 2685 1100 2743; x_wconf 76' lang='lat' dir='ltr'><strong>dabuntun</strong></span> <span class='ocrx_word' id='word_1_186' title='bbox 1127 2685 1155 2744; x_wconf 90' lang='lat' dir='ltr'><strong>ei</strong></span> 
     </span>
     <span class='ocr_line' id='line_1_25' title="bbox 140 2779 1154 2859; baseline -0.001 -17"><span class='ocrx_word' id='word_1_187' title='bbox 140 2784 264 2842; x_wconf 85' lang='lat' dir='ltr'><strong>centum</strong></span> <span class='ocrx_word' id='word_1_188' title='bbox 296 2781 387 2840; x_wconf 85' lang='lat' dir='ltr'><strong>aurei.</strong></span> <span class='ocrx_word' id='word_1_189' title='bbox 437 2782 479 2840; x_wconf 83' lang='lat' dir='ltr'><strong>Et</strong></span> <span class='ocrx_word' id='word_1_190' title='bbox 510 2781 558 2841; x_wconf 88' lang='lat' dir='ltr'><strong>hio</strong></span> <span class='ocrx_word' id='word_1_191' title='bbox 590 2779 676 2841; x_wconf 90' lang='lat' dir='ltr'><strong>nobis</strong></span> <span class='ocrx_word' id='word_1_192' title='bbox 708 2780 775 2839; x_wconf 88' lang='lat' dir='ltr'><strong>finis</strong></span> <span class='ocrx_word' id='word_1_193' title='bbox 808 2781 848 2840; x_wconf 86' lang='lat' dir='ltr'><strong>sit</strong></span> <span class='ocrx_word' id='word_1_194' title='bbox 879 2801 983 2842; x_wconf 81' lang='lat' dir='ltr'><strong>eorum</strong></span> <span class='ocrx_word' id='word_1_195' title='bbox 1013 2800 1090 2859; x_wconf 90' lang='lat' dir='ltr'><strong>quae</strong></span> <span class='ocrx_word' id='word_1_196' title='bbox 1118 2782 1154 2841; x_wconf 87' lang='lat' dir='ltr'><strong>de</strong></span> 
     </span>
     <span class='ocr_line' id='line_1_26' title="bbox 140 2877 828 2955; baseline 0 -18"><span class='ocrx_word' id='word_1_197' title='bbox 140 2879 255 2955; x_wconf 80' lang='lat' dir='ltr'><strong>Libyae</strong></span> <span class='ocrx_word' id='word_1_198' title='bbox 279 2877 537 2938; x_wconf 77' lang='lat' dir='ltr'><strong>administratione</strong></span> <span class='ocrx_word' id='word_1_199' title='bbox 561 2878 727 2937; x_wconf 85' lang='lat' dir='ltr'><strong>constituta</strong></span> <span class='ocrx_word' id='word_1_200' title='bbox 750 2881 828 2938; x_wconf 81' lang='lat' dir='ltr'><strong>sunt.</strong></span> 
     </span>
    </p>
   </div>
   <div class='ocr_carea' id='block_1_6' title="bbox 318 3071 981 3148">
    <p class='ocr_par' dir='ltr' id='par_1_6' title="bbox 318 3071 981 3148">
     <span class='ocr_line' id='line_1_27' title="bbox 318 3071 981 3148; baseline 0.002 -17"><span class='ocrx_word' id='word_1_201' title='bbox 318 3071 449 3148; x_wconf 79' lang='lat' dir='ltr'><strong>[Caput</strong></span> <span class='ocrx_word' id='word_1_202' title='bbox 472 3071 526 3130; x_wconf 89' lang='lat' dir='ltr'><strong>HI.</strong></span> <span class='ocrx_word' id='word_1_203' title='bbox 563 3072 613 3130; x_wconf 91' lang='lat' dir='ltr'><strong>De</strong></span> <span class='ocrx_word' id='word_1_204' title='bbox 637 3071 815 3132; x_wconf 79' lang='lat' dir='ltr'><strong>Thebaico</strong></span> <span class='ocrx_word' id='word_1_205' title='bbox 839 3072 981 3147; x_wconf 81' lang='lat' dir='ltr'><strong>limita]</strong></span> 
     </span>
    </p>
   </div>
   <div class='ocr_carea' id='block_1_7' title="bbox 139 3175 1156 3354">
    <p class='ocr_par' dir='ltr' id='par_1_7' title="bbox 139 3175 1156 3354">
     <span class='ocr_line' id='line_1_28' title="bbox 211 3175 1155 3256; baseline 0 -19"><span class='ocrx_word' id='word_1_206' title='bbox 211 3177 245 3254; x_wconf 60' lang='grc' dir='ltr'><strong>[ὅ</strong></span> <span class='ocrx_word' id='word_1_207' title='bbox 267 3181 294 3239; x_wconf 92' lang='lat'><strong>1.</strong></span> <span class='ocrx_word' id='word_1_208' title='bbox 317 3179 411 3238; x_wconf 71' lang='lat' dir='ltr'><strong>Datis</strong></span> <span class='ocrx_word' id='word_1_209' title='bbox 433 3175 669 3252; x_wconf 65' lang='lat' dir='ltr'><strong>administratio]</strong></span> <span class='ocrx_word' id='word_1_210' title='bbox 717 3176 906 3254; x_wconf 79' lang='lat' dir='ltr'><strong>Consequens</strong></span> <span class='ocrx_word' id='word_1_211' title='bbox 934 3179 1029 3256; x_wconf 85' lang='lat' dir='ltr'><strong>igitur</strong></span> <span class='ocrx_word' id='word_1_212' title='bbox 1052 3182 1097 3238; x_wconf 88' lang='lat' dir='ltr'><strong>est</strong></span> <span class='ocrx_word' id='word_1_213' title='bbox 1120 3182 1155 3237; x_wconf 89' lang='lat' dir='ltr'><strong>ut</strong></span> 
     </span>
     <span class='ocr_line' id='line_1_29' title="bbox 139 3274 1156 3354; baseline 0.001 -20"><span class='ocrx_word' id='word_1_214' title='bbox 139 3276 212 3334; x_wconf 87' lang='lat' dir='ltr'><strong>hino</strong></span> <span class='ocrx_word' id='word_1_215' title='bbox 234 3278 422 3334; x_wconf 86' lang='lat' dir='ltr'><strong>transeamus</strong></span> <span class='ocrx_word' id='word_1_216' title='bbox 446 3275 484 3333; x_wconf 85' lang='lat' dir='ltr'><strong>ad</strong></span> <span class='ocrx_word' id='word_1_217' title='bbox 502 3274 685 3334; x_wconf 81' lang='lat' dir='ltr'><strong>Thebaicum</strong></span> <span class='ocrx_word' id='word_1_218' title='bbox 707 3275 842 3354; x_wconf 78' lang='lat' dir='ltr'><strong>limitem⁷</strong></span> <span class='ocrx_word' id='word_1_219' title='bbox 865 3275 896 3333; x_wconf 91' lang='lat' dir='ltr'><strong>id</strong></span> <span class='ocrx_word' id='word_1_220' title='bbox 918 3277 965 3334; x_wconf 89' lang='lat' dir='ltr'><strong>est</strong></span> <span class='ocrx_word' id='word_1_221' title='bbox 986 3275 1062 3334; x_wconf 87' lang='lat' dir='ltr'><strong>duas</strong></span> <span class='ocrx_word' id='word_1_222' title='bbox 1081 3275 1156 3335; x_wconf 80' lang='lat' dir='ltr'><strong>The-</strong></span> 
     </span>
    </p>
   </div>
   <div class='ocr_carea' id='block_1_8' title="bbox 141 3406 1156 3552">
    <p class='ocr_par' dir='ltr' id='par_1_8' title="bbox 141 3406 1156 3552">
     <span class='ocr_line' id='line_1_30' title="bbox 141 3406 1156 3552; baseline -0.002 -88"><span class='ocrx_word' id='word_1_223' title='bbox 141 3483 166 3534; x_wconf 69' lang='grc' dir='ltr'><em>Λ</em></span> <span class='ocrx_word' id='word_1_224' title='bbox 180 3413 278 3552; x_wconf 37' lang='grc' dir='ltr'><strong>βχ183)</strong></span> <span class='ocrx_word' id='word_1_225' title='bbox 294 3409 361 3465; x_wconf 81' lang='lat' dir='ltr'><strong>eod.</strong></span> <span class='ocrx_word' id='word_1_226' title='bbox 377 3406 559 3478; x_wconf 80' lang='grc' dir='ltr'><strong><em>εἰσπράττειν.</em></strong></span> <span class='ocrx_word' id='word_1_227' title='bbox 642 3408 706 3477; x_wconf 83' lang='grc'>184)</span> <span class='ocrx_word' id='word_1_228' title='bbox 720 3407 803 3463; x_wconf 83' lang='lat' dir='ltr'><strong>Forte</strong></span> <span class='ocrx_word' id='word_1_229' title='bbox 821 3416 910 3463; x_wconf 80' lang='grc' dir='ltr'><strong><em>τοῦτο.</em></strong></span> <span class='ocrx_word' id='word_1_230' title='bbox 991 3411 1052 3478; x_wconf 77' lang='grc'>186)</span> <span class='ocrx_word' id='word_1_231' title='bbox 1071 3407 1156 3462; x_wconf 80' lang='lat' dir='ltr'><strong>Forte</strong></span> 
     </span>
     <span class='ocr_line' id='line_1_31' title="bbox 168 3499 264 3536; baseline 0.031 -3"><span class='ocrx_word' id='word_1_232' title='bbox 168 3500 179 3533; x_wconf 87' lang='grc' dir='ltr'><strong><em>ι</em></strong></span> <span class='ocrx_word' id='word_1_233' title='bbox 197 3499 264 3536; x_wconf 87' lang='grc' dir='ltr'><strong><em>οων.</em></strong></span> 
     </span>
    </p>
   </div>
   <div class='ocr_carea' id='block_1_9' title="bbox 0 0 1335 3922">
    <p class='ocr_par' dir='ltr' id='par_1_9' title="bbox 0 0 1335 3922">
     <span class='ocr_line' id='line_1_32' title="bbox 0 0 1335 3922; baseline 0 0"><span class='ocrx_word' id='word_1_234' title='bbox 0 0 1335 3922; x_wconf 95' lang='lat' dir='ltr'><strong> </strong></span> 
     </span>
    </p>
   </div>
  </div>
 </body>
</html>
