2654 3922
505 205 724 270 ...55-

103 369 181 448 μίαν
207 366 324 449 ἔχοντος
351 369 509 448 μετουσίαν
537 365 606 430 οὐδὲ
633 377 686 448 τῆς
713 367 806 430 αὐτοῦ
833 368 941 443 τάξεως
967 367 1042 450 πρὸς
1068 369 1120 431 τὸν

104 463 263 546 εἰρημένον
296 466 391 527 δοῦκα
421 459 546 548 ἤτοιῑῦῧ)
578 464 631 538 τὰς
662 464 895 547 ὑποτεταγμένας
921 465 1001 551 αὐτῷ
1029 465 1119 547 ἐπαρ-

101 564 172 643 χίας
198 584 228 623 τε
254 561 305 624 καί
327 562 426 636 πόλεις
447 562 551 624 μαλ’
519 585 643 642 τοπους,
670 561 741 625 οὐδε
763 560 854 624 tillon
876 573 935 624 τῶν
957 562 1119 646 ἐπιχωρίων

105 658 258 741 ἀρχόντων
267 654 317 743 1⁶⁶)
334 658 520 739 τινὸς,όιλλόι
543 659 635 722 αυτοῦ
659 670 711 722 τοῦ
732 659 925 742 πιριβλὲπτου
944 661 1053 735 δουκὸς
1070 660 1120 722 καί

103 767 160 820 τοῦ
196 751 314 840 vavffl)
346 758 428 838 Λιβ
390 760 473 838 βυοιν
509 763 660 820 πολιτικοῦ
696 755 837 840 όίρχοντος
872 757 990 839 ἔχοντος
1021 768 1120 820 πᾶσαν

104 853 245 929 ἐξουσίαν
266 853 324 934 [ἐν]
344 861 407 928 τοῖς
427 853 592 937 εἰρημένοις
610 854 711 928 τόποις
730 856 885 937 χρημάτων
903 877 933 918 τε
951 852 1051 917 ἕνεκεν
1070 854 1119 917 καί

106 949 296 1032 ἐγκλημάτων
318 951 368 1014 καί
391 953 542 1032 δημοσίων
560 953 750 1034 είσπρόξεου,
773 953 844 1014 ὥστε
863 951 962 1032 μέντοι
979 951 1032 1015 τὸν
1053 951 1119 1035 [ilp-

103 1048 211 1130 χον]τα
233 1049 285 1112 τόν
292 1044 345 1134 ¹⁶⁸)
364 1049 413 1112 ἐπί
431 1051 551 1130 Λιβύης
569 1049 749 1113 ὑποκεῖσθαι
766 1056 805 1136 τῷ
823 1049 1003 1138 περιβλίπτῳ
1023 1050 1119 1130 occul,

106 1146 158 1208 καί
193 1147 307 1221 πάντας
343 1148 413 1221 τοὺς
448 1147 501 1220 τὰς
537 1147 628 1221 αὐτὰς
659 1147 755 1228 χώρας
789 1149 945 1222 οἰκοῦντας
976 1147 1119 1229 κτήτορας

104 1239 156 1322 ἐφ’
195 1239 240 1317 οίς
275 1243 429 1324 κέκτηνται
463 1243 514 1306 καί
549 1245 619 1319 τοὺς
656 1245 769 1307 τούτοιν
803 1245 970 1327 οἰκήτορας·
1007 1246 1034 1306 εί
1062 1245 1117 1327 γὰρ

104 1365 158 1404 και
179 1339 212 1402 ἒν
229 1339 330 1416 όίλλαις
348 1340 498 1461 ἐπαρχίαις
516 1343 642 1422 οίκουσι,
664 1341 818 1422 κέκτηνται
836 1341 869 1404 δὲ
891 1342 998 1404 ὑπὸ
969 1366 1021 1416 τας
1039 1342 1119 1424 sipp-

105 1436 198 1517 μένας
224 1439 323 1513 πόλεις
349 1437 427 1520 ἢ’
395 1462 506 1513 τοπους
533 1435 578 1513 οίς
601 1439 760 1520 ἐφέστηκεν
783 1438 800 1502 ὁ
822 1441 1108 1523 περίβλεπτοςξ
1036 1440 1119 1519 δουξ,

104 1535 157 1597 uoci
175 1538 298 1610 τούτους
314 1535 385 1617 ὁμοί
383 1562 424 1611 ως
371 1536 486 1599 ίέπί
497 1543 562 1610 ταῖς
576 1532 786 1621 όημοσίανῑῦθ)
795 1538 986 1628 είσπρόξεσιυ
999 1537 1119 1599 ὑποκει-

104 1639 180 1694 σθαι
198 1633 278 1721 αὐτῷ
295 1633 512 1715 βουλόμεθα,
496 1658 537 1708 ως
554 1635 721 1717 παρῤησίαν
739 1634 814 1715 ἔχειν
833 1634 883 1696 καί
896 1627 1118 1716 lautpucw¹⁶⁰)

103 1943 215 2004 habeat
246 1965 300 2005 nec
327 1945 392 2005 eius
420 1944 552 2006 officium
584 1963 652 2004 cum
680 1945 759 2006 dicto
788 1944 862 2005 duce
886 1945 948 2006 sive
971 1945 1118 2022 eparchiis

106 2045 139 2102 et
160 2041 285 2101 urbibus
309 2045 339 2102 et
360 2042 434 2103 locis
458 2044 486 2102 ei
508 2042 663 2122 subiectis,
686 2062 784 2120 neque
807 2043 886 2102 alius
909 2043 1060 2120 quispiam
1083 2063 1119 2102 ex

106 2139 255 2218 indigenis
287 2139 450 2219 iudicibus,
482 2141 534 2199 sed
565 2141 629 2217 ipse
662 2139 833 2216 spectabilis
865 2141 926 2200 dux
958 2144 989 2200 et
1020 2140 1118 2201 civilis

105 2237 272 2314 Libyorum
294 2237 384 2297 iudex
407 2257 525 2298 ornnem
547 2240 729 2313 potestatem
750 2238 861 2297 habeat
883 2239 915 2296 in
938 2237 1026 2296 dictis
1044 2238 1118 2297 locis

105 2335 139 2393 in
171 2335 269 2394 censis
300 2335 481 2411 pecuniariis
509 2337 540 2394 et
567 2334 772 2394 criminalibus
799 2337 830 2392 et
856 2335 1046 2410 publicorum
1069 2354 1118 2393 ex-

105 2431 289 2511 actionibus,
320 2433 365 2491 ita
396 2435 497 2492 tamen
529 2435 566 2490 ut
596 2431 686 2490 iudex
714 2430 828 2507 Libyae
860 2431 1017 2507 spectabili
1048 2431 1118 2489 duci

106 2529 204 2588 subsit
232 2532 262 2588 et
285 2547 386 2589 omnes
410 2529 463 2606 qui
486 2529 559 2588 istas
582 2529 718 2608 regiones
741 2529 912 2588 inhabitant
933 2545 1117 2605 possessores

105 2627 185 2686 circa
216 2627 416 2703 possessiones
449 2645 518 2686 suas
551 2645 714 2703 earumque
746 2627 872 2687 incolas:
904 2645 974 2686 nam
1001 2611 1058 2685 etsi
1086 2626 1118 2684 in

107 2724 177 2783 aliis
210 2724 356 2801 eparchiis
387 2724 539 2803 habitant,
575 2724 776 2801 possessiones
809 2727 912 2784 autem
942 2724 1054 2783 habent
1086 2723 1118 2782 in

105 2821 195 2881 dictis
221 2822 347 2882 urbibus
374 2825 405 2881 et
431 2821 505 2882 locis
533 2822 643 2897 quibus
670 2823 843 2898 spectabilis
865 2822 926 2880 (lux
948 2823 1117 2898 praefectus

103 2922 161 2997 est,
183 2919 275 2978 etiam
292 2921 346 2978 hos
366 2919 504 2978 similiter
521 2919 554 2977 in
571 2918 761 2997 publicorum
779 2920 983 2980 exactionibus
1003 2920 1031 2980 ei
1049 2919 1118 2978 sub-

179 3213 242 3281 155)
260 3209 327 3267 cod
346 3211 403 3266 τὸν.
495 3215 569 3302 156)
576 3211 642 3267 eod.
667 3211 810 3282 ἄρχοντος.
902 3214 963 3276 157)
983 3209 1049 3265 Cod.
1068 3210 1118 3264 καλ

103 3289 155 3350 τῆς
172 3288 230 3336 του.
305 3286 367 3340 lb8l
387 3281 453 3337 eod.
472 3281 569 3336 τὸν
540 3282 646 3339 τατὸν.
720 3286 783 3349 159)
798 3280 864 3336 eod.
878 3281 1034 3349 δημοσίαις
1062 3279 1118 3334 sed

104 3351 197 3406 omnis
221 3352 285 3407 ιίσπ
285 3354 363 3422 pagos
384 3349 499 3422 publica
518 3356 570 3409 est.
661 3358 724 3435 160)
743 3351 808 3407 Scil.
827 3350 1115 3406 commentariensem.

103 3422 195 3478 th
218 3423 330 3490 1515.
368 3423 435 3479 Ideo
462 3424 532 3492 πρὸς
559 3423 696 3494 supplevi.
734 3423 776 3478 De
804 3421 1010 3492 significatione
1037 3421 1118 3477 verbi

103 3489 261 3564 ἐκπέμπειν
279 3493 385 3551 video.
405 3495 513 3560 1512.
