2654 3922
534 173 731 238 ..9-

122 338 168 406 dis
198 336 317 412 saepius
345 337 575 413 epitomatorem
603 337 667 414 egit
694 331 863 398 librarius.“
908 337 1040 398 Proinde
1062 339 1142 400 infra

123 426 162 486 ad
185 445 210 486 c.
227 423 307 486 XIV.
326 425 462 487 XXXVI.
482 424 621 486 XCVIII.
639 424 717 486 CIV.
734 424 894 486 CXXXVI.
914 424 1037 486 CLXVI
1054 429 1141 489 notes

124 531 248 592 quaeso,
271 517 410 576 exustas
429 515 535 574 baberi
552 514 585 573 in
603 513 712 575 Codice
732 513 942 576 Ambrosiano.

150 607 151 612 ’
189 602 241 664 lin.
268 604 318 664 15.
355 602 442 673 Quod
472 603 639 663 Blumins
670 605 775 662 narrat
806 601 843 662 de
870 603 946 662 XIII
980 604 1142 664 Iustiniani

123 690 270 752 Ediotis
262 709 294 750 ιιι
311 691 514 752 Ambrosiam
532 692 647 752 frustra
665 691 821 769 quaesitio,
843 691 944 766 potius
963 693 1141 771 intellegen-

123 777 194 838 dum
217 780 266 840 est
289 779 324 839 de
349 779 519 858 CodiceL,
543 783 595 842 49.

189 888 218 944 p.
242 867 286 927 IV
309 868 361 929 lin
382 872 431 930 18.
466 868 697 930 constitutionis
720 869 832 930 latinae
857 869 894 930 de
916 871 1013 946 raptis
1037 835 1144 931 mulie·

124 956 208 1016 ribus
223 950 324 1034 (nobis
339 948 507 1038 CLXXIII)
522 957 606 1017 aliud
625 958 804 1034 exemplar
795 978 828 1017 m
840 957 1009 1034 appendice
1023 957 1142 1032 Iuliani,

125 1046 205 1121 quod
231 1045 327 1106 Leoni
352 1046 539 1121 inscribitur,
569 1045 688 1105 aliud
679 1065 711 1104 m
739 1046 836 1109 Anth.
859 1065 882 1108 c.
909 1049 970 1108 132
997 1050 1080 1108 extat
1103 1049 1143 1109 ad

123 1133 327 1194 Arcobindam
350 1133 511 1196 directum:
540 1137 701 1211 utrumque
729 1135 761 1194 in
784 1133 968 1196 Collectione
993 1137 1055 1196 168
1079 1137 1141 1196 No·

123 1212 271 1282 vellerum
295 1226 326 1282 et
348 1223 469 1300 quidem
492 1224 625 1283 numeris
650 1225 714 1284 143
735 1225 766 1298 et
786 1223 850 1286 150
870 1229 1024 1300 receptum
1046 1225 1142 1285 fuisse

123 1310 251 1372 videtur.
296 1310 471 1372 Areobinda
500 1315 603 1372 autem
630 1330 691 1372 non
718 1312 744 1370 is
772 1312 995 1389 Intellegendus
1019 1316 1065 1373 est
1091 1313 1143 1390 qui

124 1417 152 1460 a.
176 1400 239 1460 553
263 1399 362 1462 Praef.
385 1401 485 1463 Pract.
509 1399 642 1462 Orientis
664 1401 736 1477 fuit,
765 1401 877 1477 quippe
900 1401 938 1461 ad
961 1419 1051 1478 quem
1074 1420 1142 1462 con·

127 1487 246 1548 stitutio
265 1507 373 1565 graece
390 1488 540 1549 mittenda
557 1489 674 1564 fuisset,
693 1489 746 1550 sed
763 1490 864 1564 potins
883 1489 909 1550 is
928 1488 1048 1552 videtur
1067 1508 1142 1567 esse,

125 1577 176 1653 qni
199 1595 224 1636 a.
250 1576 312 1638 543
337 1578 368 1636 in
391 1576 526 1637 Africam
552 1577 663 1638 missus
693 1596 770 1637 anno
794 1581 937 1655 sequente
965 1577 1142 1640 interfectus

124 1667 171 1725 est
201 1657 337 1744 (Procop.
364 1666 436 1746 bell.
464 1665 562 1726 Vand.
590 1685 614 1729 o.
643 1667 694 1726 24.
741 1664 939 1742 Theophanes
973 1667 1018 1727 ed.
1046 1666 1141 1727 Paris.

123 1774 151 1830 p.
169 1756 208 1813 17
212 1754 231 1812 8
248 1747 335 1834 sqq..)
358 1754 445 1814 Unde
465 1754 655 1857 subscriptio,
674 1773 765 1831 quam
783 1755 941 1831 praestant
955 1753 1141 1816 Athanasius

125 1840 287 1902 et.'Pheod
303 1843 380 1904 Nor.
396 1845 459 1904 143
480 1843 523 1903 sic
536 1842 620 1905 videt
620 1863 657 1901 ur
675 1842 804 1920 legenda
822 1861 901 1902 esse:
925 1846 988 1904 καλ
1008 1842 1141 1922 ἰανουαρ.

124 1929 273 2009 βασιλείας
300 1924 557 1992 ἰουστινιανοῦ
529 1953 562 1992 το
585 1925 626 1996 ess
648 1924 718 2010 μετὰ
746 1924 800 2009 τὴν
823 1924 965 1992 ὑπατείαν
992 1931 1142 2010 βασιλείου

123 2040 156 2079 ro
144 2009 240 2096 β’
231 2040 250 2079 ι
275 2039 299 2081 e.
323 2039 349 2082 a.
374 2022 453 2094 543,
482 2019 553 2080 dum
581 2020 745 2096 exemplari
768 2019 858 2081 alteri
881 2023 959 2098 quod
982 2020 1107 2081 Leoni
1098 2040 1143 2080 rn-

124 2107 269 2183 scriptum
284 2111 331 2168 est
343 2109 467 2185 propria
480 2109 521 2168 sit
535 2109 714 2185 subscriptio
728 2109 783 2170 illa
796 2128 908 2169 annum
918 2111 982 2169 563
998 2109 1142 2185 indicans,

126 2213 204 2272 qnae
227 2196 255 2256 ei
277 2197 423 2257 accedit
414 2216 448 2256 ιιι
470 2195 630 2258 Codicibus
653 2196 820 2258 Iulianiet
842 2197 981 2257 firmatur
1004 2216 1022 2257 a
1046 2197 1141 2258 Pheo-

125 2283 199 2344 doro
221 2285 261 2344 ad
283 2285 359 2346 Nov.
386 2287 458 2346 150.
499 2286 565 2347 Iam
588 2286 613 2345 si
636 2304 661 2346 c.
686 2289 749 2346 132
773 2287 951 2347 Anthentici
973 2304 1052 2346 anno
1077 2289 1140 2346 543

124 2372 304 2433 vindicanda
318 2377 374 2448 est,
391 2375 556 2434 novIssima
570 2373 745 2433 consttutio
764 2375 796 2433 in
809 2374 993 2434 Anthentico
1008 2374 1143 2435 exhibita

127 2479 150 2520 c.
174 2463 236 2521 127
261 2462 298 2522 de
321 2480 399 2522 anno
420 2464 482 2523 556
508 2465 563 2522 est.
603 2460 686 2531 Quae
709 2481 802 2538 quum
824 2462 869 2522 ita
892 2462 962 2537 sint,
985 2462 1066 2522 haud
1088 2463 1142 2521 im-

125 2548 293 2626 probabilis
306 2551 459 2611 videbitur
476 2551 657 2624 coniectura,
675 2550 893 2611 Autbenticum
913 2568 978 2610 esse
993 2551 1143 2610 collectio·

124 2656 195 2697 nem
213 2638 419 2716 Novellarum,
438 2658 514 2716 quse
532 2639 617 2700 iussu
635 2639 826 2716 imperatoris
846 2631 883 2719 (o.
900 2637 1021 2698 CLXIV
1041 2635 1069 2714 ᾖ.
1083 2631 1142 2718 XI)

125 2727 158 2785 In
176 2725 297 2787 Italiam
319 2727 412 2788 missa
434 2728 536 2805 ibique
558 2728 676 2805 grecas
693 2721 768 2788 κατὰ
785 2721 866 2789 πόδα
884 2727 916 2788 in
934 2727 1062 2788 latinum
1081 2746 1143 2789 ser·

124 2834 245 2875 monem
267 2817 419 2877 conversis
443 2835 461 2876 a
483 2817 640 2878 Praefecto
663 2817 819 2878 Praetorio
840 2816 959 2892 publice
986 2817 1143 2893 proposita

125 2903 227 2965 fuerit.
263 2905 310 2965 De
328 2923 388 2981 quo
405 2906 544 2982 pluribus
563 2905 612 2982 egi
629 2906 661 2964 in
680 2904 954 2982 Sitznngsberichte
973 2906 1026 2964 der
1044 2904 1141 2964 Akad.

126 2987 269 3064 iwms.
292 3013 328 3052 au
351 2993 462 3056 Berlin.
488 2996 588 3072 1882,
615 2993 698 3052 XLV
721 2996 854 3054 tractatu
877 2993 936 3052 Zur
959 2991 1065 3053 Cesoh.
1088 2992 1142 3052 des

125 3081 353 3143 Anthenticum.

194 3190 224 3246 p.
242 3169 303 3230 VH
325 3170 377 3232 lin
399 3173 440 3230 14
463 3172 544 3249 lege:
568 3174 688 3231 centum
711 3175 743 3231 et
766 3171 844 3248 quod
868 3170 999 3230 excurrit
1020 3170 1113 3231 annis.

194 3277 224 3334 p.
242 3257 303 3317 VII
324 3259 356 3317 in
378 3258 439 3319 fine
460 3262 522 3320 not.
548 3261 586 3319 1⁸
608 3259 697 3319 adde:
721 3260 759 3319 ef.
782 3259 814 3319 P.
837 3257 869 3317 11
891 3278 920 3334 p.
942 3259 1002 3317 121
1027 3261 1088 3318 not.
1112 3257 1143 3318 8.

194 3367 225 3423 p.
238 3346 316 3408 VIII
333 3347 385 3408 lin.
406 3349 434 3409 2.
457 3347 608 3409 Venetam
626 3367 686 3410 non
704 3348 761 3408 sub
783 3347 874 3408 finem
895 3363 972 3406 saec.
989 3345 1058 3420 XII,
1081 3345 1143 3420 ssd,

127 3437 162 3494 ut
185 3453 222 3496 ex
244 3436 292 3496 his
316 3454 393 3513 quae
415 3440 522 3514 postea
543 3437 681 3498 dicentur
703 3440 837 3514 apparet,
860 3435 947 3496 initio
971 3453 1047 3496 saec.
1067 3433 1144 3494 XIII
