2654 3922
506 190 725 254 -27-

109 373 232 416 servare
250 355 347 432 debet,
370 372 501 415 curnen
523 355 611 427 etis,
634 354 687 431 qui
708 354 755 413 his
778 354 881 414 liberis
906 353 978 415 solis
1001 357 1121 414 eonten-

109 448 162 504 tus
186 446 240 520 est,
264 443 402 503 similiter
424 443 509 504 luera
531 442 652 503 servet?

175 552 204 609 p.
230 535 293 592 134
316 532 367 591 lin.
395 533 434 591 16
458 524 594 610 τύχοιενῗ

175 641 204 697 p.
230 621 363 681 1381111.
394 623 434 679 17
463 612 760 702 τεσσαρεσκαιδεκάτῃ)
790 615 934 703 &erumpit
962 620 1006 678 im
1028 617 1122 678 Auth.

109 709 193 787 legit.
219 708 385 776 ,Caeterum
403 727 518 769 somme
535 712 606 785 post
623 701 733 787 πατρὸς
750 707 910 768 delendum
929 710 1047 784 etpost
1064 704 1122 767 ἔνι-

110 799 192 880 αυτῷ
205 797 410 858 collocandum
429 800 483 856 est.

176 887 227 946 lin.
251 888 270 946 3
295 905 314 946 a
335 887 356 946 f.
379 879 478 957 iores?

175 995 204 1050 p.
220 976 291 1034 -141
317 975 368 1034 lin.
394 977 434 1034 13
459 971 507 1034 ἐπὶ
529 977 589 1045 τοῖς
606 972 697 1035 teet?

176 1083 205 1139 p.
231 1065 292 1122 147
324 1063 376 1124 lin
406 1065 423 1123 9
452 1082 471 1123 e
497 1062 518 1122 f.
548 1055 722 1142 ὁμολογήσει
754 1065 801 1123 est
831 1062 863 1122 in
886 1060 956 1121 Ood.
980 1060 1124 1120 Ambros.

108 1151 275 1228 Epitomee.
1079 1195 1081 1200 .

176 1261 204 1317 p.
230 1241 293 1301 153
316 1240 369 1300 lin.
394 1241 412 1300 6
436 1240 475 1299 ed
497 1239 644 1312 παντοίως
667 1240 704 1299 ef.
726 1260 754 1316 p.
781 1241 843 1299 155
867 1241 928 1299 not.
954 1239 1005 1297 10.

177 1349 205 1405 p.
231 1331 292 1389 157
317 1330 387 1406 post
413 1329 466 1388 lin.
495 1330 513 1387 2
542 1329 621 1389 forte
648 1329 785 1388 addenda
812 1331 879 1387 eret
905 1327 1027 1386 rubrica
1048 1323 1124 1404 Περὶ

111 1419 164 1478 τοῦ
186 1410 294 1497 χρόνον
316 1419 376 1478 τῶν
403 1409 595 1495 ἇρμοζουσῶν
621 1409 748 1498 ἀγωγῶν
774 1420 835 1489 τοῖς
865 1408 981 1496 εὖαγέσι
1012 1407 1124 1490 τόποις,

110 1525 202 1582 quem
214 1505 300 1566 'Vem
323 1508 354 1565 et
375 1506 455 1565 Flor.
482 1509 651 1582 praestant,
679 1506 752 1565 lieet
773 1505 895 1582 proprie
918 1505 957 1563 ed
976 1503 1125 1564 Theodori

110 1613 258 1655 summam
294 1595 455 1672 pertineat
487 1625 526 1636 -
560 1592 721 1654 Caeterum
750 1593 932 1667 Athanasio,
964 1593 1123 1669 Anonymo

110 1677 216 1762 (Basil.
241 1682 287 1742 ed.
305 1683 471 1742 Heimbeeh
490 1682 522 1741 11
540 1702 569 1758 p.
593 1673 682 1763 480),
706 1682 862 1742 Theodoro
886 1684 986 1741 textus
1009 1680 1123 1740 latinns

110 1771 150 1832 ob
173 1772 273 1832 oeulos
296 1772 363 1850 fuit,
384 1791 445 1832 non
467 1789 602 1848 graecus.

176 1881 205 1937 p.
231 1861 292 1921 158
323 1861 374 1920 lin.
408 1862 426 1919 7
457 1863 528 1937 post
549 1852 736 1938 ἡιιλοὶθησαν
758 1876 874 1918 comme
895 1857 1067 1934 ponendum
1091 1859 1123 1917 et

110 1969 179 2010 mox
201 1945 250 2008 uel
273 1949 433 2009 delendum
456 1968 522 2009 esse
545 1948 729 2009 erediderim.

176 2038 227 2098 lin.
252 2040 270 2098 8
294 2037 471 2116 προελθεῖνῗ

177 2147 206 2203 p.
232 2128 293 2186 161
318 2127 357 2186 ed
379 2130 440 2188 not.
467 2129 506 2186 16
531 2126 639 2186 Iulian.
662 2146 685 2187 ο.
710 2129 744 2187 8:
767 2125 923 2185 eonsuletn
946 2123 1062 2184 Basilii.

176 2234 205 2291 p.
231 2215 368 2276 1631111.
393 2218 413 2275 8
437 2234 455 2274 ο
477 2216 498 2275 f.
521 2215 727 2292 litigantium?

177 2324 206 2380 p.
231 2305 295 2363 174
317 2305 369 2363 lin.
394 2306 434 2364 13
459 2309 491 2363 et
512 2307 575 2365 not.
600 2307 638 2364 15
663 2303 803 2380 legerim:
827 2303 970 2362 sanctem.

177 2412 206 2468 p.
231 2394 294 2452 175
318 2393 369 2452 lin.
396 2394 414 2451 7
442 2394 553 2452 Athen.
577 2392 670 2453 verbe
687 2391 817 2450 initialis
839 2389 934 2448 letina
956 2388 1049 2448 hebet
1068 2389 1123 2448 sie:

110 2482 223 2542 Nostra
246 2481 401 2541 serenitas.

177 2570 229 2628 lin.
254 2573 304 2631 17.
328 2569 493 2630 Heimbeeh
516 2570 578 2646 legi
600 2570 680 2629 vult:
703 2584 878 2644 quoeunque
905 2564 1023 2624 iudieio.
1054 2564 1121 2640 Ego

110 2659 225 2718 malim:
250 2658 449 2735 euiusennqne
471 2657 587 2718 iudicis.

177 2767 207 2824 p.
227 2748 290 2808 180
308 2748 360 2806 lin.
376 2749 417 2806 12
432 2743 498 2825 περὶ
511 2740 650 2818 stimme?
670 2745 779 2806 Theod.
798 2744 888 2820 panio
902 2746 972 2804 ente
985 2734 1122 2829 γνοὶσεος

109 2854 166 2913 pro
188 2828 316 2916 γνώμης.

177 2945 206 3001 p.
233 2926 294 2984 186
317 2927 381 2984 not.
406 2927 445 2984 12
478 2924 595 2982 Veneta
617 2923 706 2982 lectio
729 2921 887 2981 retinenda
909 2920 976 2981 fuit.
1050 2959 1059 2974 .

177 3032 207 3089 p.
228 3014 290 3072 187
310 3013 362 3072 lin.
383 3014 433 3072 13.
466 3012 619 3088 Epitome:
637 3003 730 3072 αὐτοῦ
748 3031 799 3088 φρ.
817 3003 917 3070 αὐτοῦ.
953 3009 1024 3069 Non
1036 3009 1125 3068 mele.

177 3101 230 3180 lin.
247 3103 297 3162 ‚10
320 3120 339 3160 a
357 3101 377 3160 f.
395 3104 466 3178 post
484 3094 618 3181 διαθήκῃ
636 3100 743 3161 Proeh.
765 3098 850 3158 addit
866 3091 887 3176 ἢ
905 3094 955 3157 καὶ
974 3090 1025 3176 μὴ,
1043 3097 1125 3172 epit.

111 3189 167 3251 εἴτε
189 3186 238 3249 καὶ
261 3183 310 3268 μή.
357 3187 442 3259 Quod
463 3207 524 3249 non
545 3188 787 3265 improbaverim.

179 3298 208 3354 p.
234 3281 295 3338 196
319 3279 372 3338 lin.
398 3282 437 3339 19
462 3271 713 3355 ἔποφειλόμενονῖ

178 3387 207 3443 p.
232 3369 294 3426 197
324 3367 375 3430 lin.
402 3369 442 3427 13
470 3386 507 3426 ne
530 3367 642 3443 legeris
661 3357 848 3443 Ἀφρικανός.
890 3361 969 3422 Nam
996 3365 1028 3422 et
1053 3363 1127 3422 eele-

112 3455 245 3516 berrime
266 3456 321 3515 ille
342 3456 497 3531 inseriptio
526 3454 747 3530 Trepeznntine
765 3445 906 3530 Ἀφρικὸς
932 3451 1032 3511 hebet.
1080 3449 1124 3509 Of.
