2654 3922
523 901 762 980 Praefatio,

203 1162 265 1220 Lex
295 1180 387 1238 quem
416 1161 532 1222 edimus
560 1162 649 1222 unice
680 1166 798 1223 servate
827 1167 874 1224 est
899 1164 932 1223 in
959 1165 1149 1226 celeberrimo

137 1259 333 1320 Novellnrnm
343 1259 450 1321 Codice
457 1260 592 1320 Venetiis
606 1261 638 1318 in
647 1260 828 1321 bibliothece
837 1261 908 1321 Divi
917 1261 1011 1322 Marci
1021 1264 1149 1322 extento.

136 1356 167 1415 Is
190 1357 281 1417 codex
303 1377 371 1418 cern
393 1358 513 1418 exhibet
534 1358 566 1416 in
589 1359 670 1418 calce
693 1359 876 1420 collectionis
897 1359 956 1418 XII
973 1359 1150 1420 Edictorum

137 1453 312 1534 iustiniani,
340 1458 371 1515 et
398 1455 486 1515 index
515 1455 637 1533 quidem
664 1458 811 1532 tanquam
840 1451 886 1536 ιγ’.
908 1455 1000 1536 νόμος
1022 1459 1094 1536 nrt,
1118 1459 1150 1516 in

137 1555 278 1611 contextu
300 1555 402 1612 eutem
420 1570 562 1613 numerus
582 1547 620 1632 ιγ’
637 1573 698 1613 non
715 1553 852 1631 habetur,
876 1572 930 1613 nec
948 1555 1047 1612 ullum
1065 1555 1150 1614 eliud

135 1649 297 1726 vestiqum
311 1653 358 1709 est
369 1649 447 1709 hene
460 1652 595 1710 nostram
609 1651 706 1729 legem
720 1669 789 1710 cum
802 1650 977 1710 collectione
991 1651 1050 1708 ΧΠ
1061 1651 1149 1710 Edic-

135 1749 236 1806 torum
268 1747 424 1808 cohaerere
456 1747 581 1825 eiusque
613 1751 732 1823 portem
762 1747 876 1826 facere,
909 1747 961 1807 sed
992 1747 1149 1823 inscriptio

137 1843 312 1920 simpliciter
338 1847 385 1905 est
412 1846 532 1922 qualem
555 1845 679 1905 edimus.
725 1844 830 1904 Edidit
852 1844 967 1921 primus
990 1863 1095 1922 greoee
1118 1847 1152 1904 et

137 1940 258 2016 quidem
271 1937 563 2018 tanquam'Zdncrov
573 1937 1040 2022 cy'Scrimgerusonn015583
1055 1941 1151 2001 latine

136 2038 265 2098 reddidit
287 2039 472 2118 Agylaeus
498 2059 579 2100 enno
602 2043 696 2102 1560.
742 2040 857 2100 Deinde
880 2041 928 2100 lex
950 2039 1080 2115 repetite
1103 2041 1151 2099 est

134 2135 166 2194 in
187 2136 369 2196 editionibus
387 2135 526 2213 Corporis
545 2137 624 2196 Iuris
642 2137 675 2196 in
692 2139 774 2198 calce
792 2138 969 2198 Edictornm
986 2136 1149 2196 Iustiniani

134 2237 281 2309 tanquam
303 2233 357 2292 Ed.
381 2234 467 2294 XIII:
490 2235 535 2294 ite.
557 2235 590 2294 in
613 2234 743 2295 editione
765 2235 959 2314 Kriegelinne
986 2254 1022 2294 ex
1047 2253 1148 2294 recen·

136 2329 218 2390 sione
242 2329 487 2411 Osenbrdggenii.

200 2428 380 2505 Nupcrrime
407 2449 462 2508 ego
490 2429 554 2506 ipse
577 2447 683 2507 graece
705 2447 741 2487 ex
764 2428 876 2487 iterate
898 2423 1015 2488 Codicis
1038 2427 1147 2486 Veneti

134 2525 294 2586 collatione
312 2526 345 2584 in
358 2526 520 2586 Iustiniani
532 2526 668 2586 Novellis
683 2525 785 2586 ordine
800 2524 1008 2603 chronologico
1023 2523 1147 2601 digestis

134 2622 255 2698 Lipsiae
285 2626 368 2684 1881
398 2625 496 2702 legem
523 2624 603 2684 edidi
629 2642 753 2684 numero
777 2622 880 2683 XCVI.
927 2622 1041 2682 Verum
1068 2621 1148 2682 enim

133 2738 203 2780 vero
232 2739 301 2780 cum
327 2721 457 2796 repetita
484 2721 585 2781 studia
613 2721 701 2799 qussi
728 2740 838 2781 novam
864 2721 962 2780 lucem
990 2719 1018 2780 ei
1046 2738 1147 2780 eccen-

134 2816 255 2896 dissent,
279 2817 408 2878 secundo
432 2837 499 2878 enm
519 2818 605 2878 edere
624 2819 767 2879 adiuncta
786 2817 1033 2894 interpretatione
1051 2817 1148 2876 letina

132 2914 232 2974 visum
255 2920 308 2975 est.
541 2903 544 2908 ’
997 2965 998 2972 ,

200 3013 280 3072 Ante
304 3012 404 3074 omnia
423 3012 600 3073 admonendi
619 3030 736 3091 snmus,
756 3011 894 3073 codicem
910 3012 1073 3088 Venetam,
1093 3009 1147 3086 qui

134 3108 271 3186 alioquin
289 3110 421 3186 optimae
439 3113 530 3171 notae
548 3113 602 3188 est,
620 3111 653 3170 in
670 3110 727 3170 hac
744 3111 811 3188 lege
826 3109 944 3170 vitiosis
957 3107 1147 3186 lectionibus,

133 3206 250 3266 lacunis
274 3226 349 3285 ques
372 3207 513 3267 libror-ius
535 3227 572 3268 ne
595 3208 710 3267 indicet
729 3207 858 3285 quidem,
881 3205 1009 3281 deniqne
1026 3206 1150 3280 pertur-

133 3305 206 3364 bete
220 3305 295 3365 serie
309 3305 445 3382 capitum
458 3308 579 3366 scetere.
615 3305 673 3365 Sed
687 3323 759 3365 esve
772 3305 845 3365 haec
860 3302 1013 3380 scriptoris
1028 3299 1145 3360 Codicis

133 3402 242 3462 Veneti
259 3404 390 3464 -sitne
409 3404 435 3463 is
452 3404 542 3463 Nilus
559 3402 762 3479 Doxepetrius
781 3421 820 3462 an
839 3402 917 3461 elius
937 3399 1088 3478 quispiam
1105 3428 1144 3439 -

134 3499 196 3560 sive
219 3501 427 3580 neglegentiae
451 3502 512 3563 sive
535 3500 683 3560 barbariei
701 3500 826 3560 tribues.
863 3499 893 3559 Is
912 3497 1000 3577 enim,
1023 3499 1060 3558 nt
1077 3496 1145 3556 reli·

895 3605 906 3652 1
915 3598 931 3631 lit
