2654 3922
525 189 743 254 -53..

128 354 235 440 σταλίῳ
262 362 315 433 τῆς
335 347 563 433 Ἀλεξανδρέων,
588 349 638 412 καί
665 350 896 432 παρασκευάζειν
918 343 1142 433 άνελλιττῶςωο)

126 451 202 516 κατὰ
223 449 276 524 τὰς
297 447 453 531 εἰρημένας
471 448 656 530 προθεσμίας
674 445 724 508 καλ
743 446 822 532 αὐτῷ
840 452 880 531 τῷ
895 445 968 534 ἐρμῳ
984 445 1139 528 [ἐκπέμπε-

12 599 13 612 2
127 547 216 626 σθαι]
223 542 276 632 ¹⁹¹)
296 547 394 633 οἰκείῳ
412 546 544 632 κινδύνῳ
558 546 675 608 άπαντα
688 544 739 607 τὸν
753 551 835 607 σῖτον
852 543 930 623 [τὸν]
946 543 1139 626 ἐπιβάλλοντα

12 627 14 720 f
126 651 193 719 ταῖς
207 644 299 708 αὐτοῦ
314 643 464 724 ἐπαρχίαις
476 665 506 705 τε
520 642 570 705 καλ
583 642 684 704 πόλεσι
696 641 747 704 καλ
759 642 871 722 τόποις,
885 642 935 704 καί
944 641 1094 722 ἀνήκοντα
1103 652 1138 729 τῆ

12 753 13 756 ’
126 765 158 805 τε
171 742 281 828 ἐμβολῆ
295 751 348 821 τῆς
360 740 536 821 εὐδαίμονος
550 741 658 819 ταύτης
673 739 784 812 πόλεως

790 733 842 821 ¹⁹²)
856 738 907 800 καί
921 746 960 825 τῷ
971 736 1041 822 παρ’
1053 738 1141 820 ἡμῶν

128 837 366 926 φιλοτιμουμένῳ
380 839 514 925 τροφίμῳ
526 847 579 918 τῆς
590 833 814 920 Ἀλεξανδρέων,
828 832 1057 922 [οὐ]δεμιᾶς1”3)
1068 836 1141 900 ἀνα-

129 939 222 1018 βολῆς
236 935 302 1019 περί
315 937 429 999 τούτων
442 934 610 1018 γινομένης,
624 930 673 998 οία
686 934 737 996 καλ
750 934 861 1008 παντὸς
876 933 1034 1012 [κινδύνου
1049 935 1141 998 αὐτὸν

127 1032 314 1116 ἀφορῶντος]
323 1027 374 1116 ¹⁹⁴)
389 1032 440 1095 καλ
448 1032 503 1112 τῆν
511 1031 696 1112 πειθομένην
705 1032 888 1117 αὖτῷτάξιν·
902 1032 1141 1095 κινδυνευόντων

126 1130 179 1192 καί
201 1139 261 1193 τῶν
279 1138 461 1212 στρατιωτῶν
478 1138 538 1192 τῶν
555 1128 604 1192 ἐπλ
620 1135 683 1203 τοῖς
701 1129 802 1202 τόποις
821 1127 917 1191 ὄντων
934 1129 1062 1192 καὶτῶν
1081 1153 1142 1213 τρι-

128 1229 251 1310 βοάνων
273 1227 323 1290 καλ
344 1229 442 1306 κνίσης
464 1231 616 1306 πολιτικῆς
637 1227 687 1289 καὶ
710 1227 854 1307 δημοσίας
876 1228 1031 1307 βοηθείας,
1052 1227 1080 1288 εί
1100 1226 1142 1308 μὴ

127 1325 205 1408 πρὸς
231 1335 322 1388 ταῦτα
348 1323 500 1406 άμάνοιεν.
551 1319 799 1406 [άναγκαῖονΓθῆ
827 1321 859 1386 δὲ
886 1322 924 1386 δν
949 1322 982 1385 τὸ
1009 1322 1063 1404 μὲν
1090 1334 1143 1405 τῆς

129 1422 264 1486 ἐνταῦθα
296 1421 518 1503 ἐκπεμπομένης
544 1423 643 1496 αλσίας
669 1420 796 1504 ἐμβολῆς
823 1419 928 1504 μέτρον
954 1420 1144 1502 ἐμβληθῆναι

131 1517 188 1600 μὲν
210 1514 281 1603 παρ’
306 1519 398 1582 αὐτοῦ
422 1525 486 1593 ταῖς
506 1520 664 1600 ποταμίαις
686 1518 794 1581 ναυσὶν
813 1518 893 1603 αὐτῷ
910 1524 950 1605 τῷ
970 1517 1043 1604 ἐρμῳ
1062 1517 1145 1601 μέχρι

131 1626 185 1696 τῆς
214 1617 338 1697 ἐννάτης
361 1627 414 1679 τοῦ
437 1617 603 1698 αὐγούστου
627 1615 721 1696 μηνὸς
747 1615 797 1677 καλ
819 1615 874 1695 τῆν
896 1610 942 1677 ἐπ’
966 1615 1046 1701 αὐτῷ
1069 1619 1144 1694 πλη-

130 1821 221 1882 minis
254 1826 285 1882 et
316 1823 381 1900 ipso
411 1825 491 1884 fleto
519 1823 708 1885 transmittat
736 1843 822 1883 omne
849 1822 1035 1881 frumentum
1062 1820 1144 1898 quod

130 1920 196 1980 eius
220 1920 366 1996 eparchiis
389 1923 420 1980 et
442 1919 567 1980 urbibus
595 1925 626 1981 et
647 1921 721 1982 loeis
743 1919 919 1997 impositum
941 1922 987 1979 est
1010 1922 1040 1978 et
1063 1919 1145 1995 quod

132 2017 171 2076 ad
190 2017 338 2077 embolsm
355 2017 451 2078 felicis
469 2019 560 2078 huius
578 2018 661 2078 urbis
680 2021 711 2078 et
730 2017 904 2079 alimoniam
917 2016 1001 2076 urbis
1015 2017 1145 2076 Alexan-

132 2114 295 2194 drinorum,
319 2134 411 2192 quem
433 2135 487 2176 nos
510 2116 614 2195 largiti
637 2135 749 2195 sumus,
772 2117 910 2194 pertinet,
934 2115 978 2174 ita
1000 2118 1037 2173 ut
1059 2115 1146 2173 nulls

132 2211 166 2269 in
191 2210 238 2271 his
261 2212 368 2273 dilatio
391 2212 457 2290 fiat,
486 2213 597 2290 quippe
621 2233 691 2273 eum
714 2233 800 2273 omne
822 2213 991 2290 perieulum
1014 2212 1052 2271 ed
1075 2231 1145 2271 eum

11 2363 12 2366 ,
133 2312 249 2386 spectet
271 2312 302 2369 el
324 2311 363 2369 ad
386 2310 594 2387 obtemperans
617 2309 645 2369 ei
667 2309 812 2368 officium:
838 2313 869 2368 et
889 2309 1059 2385 perieulum
1081 2326 1146 2366 sus·

131 2406 273 2466 tinebunt
304 2407 396 2466 etiem
427 2407 538 2466 milites
565 2407 597 2465 in
624 2406 697 2466 loeis
725 2405 885 2465 constituti
915 2408 945 2464 et
972 2403 1087 2463 tribuni
1115 2407 1146 2463 et

135 2522 222 2563 omne
254 2503 339 2563 civile
371 2508 402 2565 et
430 2504 586 2581 publicum
613 2503 811 2580 adiutorium,
838 2501 897 2560 nisi
924 2501 955 2560 in
982 2501 1029 2559 his
1058 2520 1145 2577 opem

135 2599 242 2660 ferent,
288 2600 413 2662 Necesse
442 2605 544 2662 eutem
572 2602 630 2661 erit
651 2604 689 2660 nt
711 2599 807 2660 felicis
831 2597 964 2659 embolae
987 2616 1057 2674 pers
1086 2598 1146 2657 hue

135 2698 354 2759 transvehenda
381 2700 419 2759 ab
447 2700 512 2776 ipso
539 2698 666 2759 navibus
693 2697 867 2758 fluvialibus
894 2697 959 2773 ipso
986 2696 1067 2755 fecto
1090 2695 1146 2753 im·

134 2800 266 2871 penetus
283 2813 380 2872 usque
399 2797 437 2856 sd
455 2798 535 2857 diem
552 2815 666 2856 nonum
679 2795 812 2874 Augusti
830 2798 862 2854 et
874 2793 1010 2871 plenarie
1023 2794 1147 2869 propter

211 2984 273 3052 190)
300 2983 319 3038 i.
348 2998 371 3039 e.
400 2983 506 3054 absque
530 2983 651 3039 defectu.
689 2982 780 3052 Supra
802 2984 847 3036 est
867 2977 1066 3049 ἀνυπερθέτως
1084 2977 1103 3032 i.
1122 2996 1146 3034 e.

138 3051 245 3121 absque
268 3070 356 3108 mors.
421 3059 483 3123 191)
503 3054 539 3109 Su
561 3071 593 3108 ra
610 3051 834 3126 παρασκευάζειν
852 3045 1054 3121 ἐκπέμπεσθαι,
1072 3050 1148 3105 unde

137 3122 275 3194 supplevi.
368 3129 430 3194 192)
449 3126 467 3182 ἰ
487 3142 510 3182 e.
552 3123 796 3195 onslentinopolis.
883 3125 945 3192 193)
963 3119 1029 3175 Ood.
1048 3121 1148 3244 δεριας

136 3209 187 3276 pro
208 3195 348 3265 οὐδεμιᾶς.
429 3199 492 3267 194)
512 3195 558 3250 Sie
577 3197 676 3267 expleo
694 3196 834 3263 lacunam,
853 3208 937 3262 quem
956 3194 1060 3260 statue,
1102 3193 1148 3246 eet

135 3280 166 3317 m
194 3265 256 3320 cod.
285 3282 341 3321 non
369 3269 514 3336 appareat.
615 3270 677 3336 195)
704 3267 736 3320 In
761 3265 858 3321 codice
884 3263 987 3316 lacuna
1014 3277 1070 3315 non
1097 3279 1148 3331 sp-

135 3337 231 3404 psret,
257 3336 307 3390 sed
330 3340 375 3394 est
396 3336 472 3394 δίον.
509 3337 541 3392 ld
563 3337 693 3392 absolute
716 3337 824 3391 dietum
842 3351 906 3390 eum
922 3331 962 3388 eit
977 3331 1072 3386 minus
1088 3332 1148 3386 usi-

136 3407 230 3462 tatum
248 3406 279 3462 in
298 3408 329 3465 el
350 3405 382 3464 δν
400 3409 575 3478 mutandum,
594 3411 627 3462 ul
641 3407 827 3532 ῆβιναμκαῖον]
846 3405 877 3461 el
897 3401 929 3460 δν
947 3403 1067 3473 legatur.
1104 3403 1149 3458 Ita

136 3482 297 3552 αναγκαῖον
316 3477 349 3537 δν
366 3480 489 3536 habetur
507 3498 531 3535 v.
551 3497 575 3534 ο.
593 3479 624 3533 in
670 3496 712 3535 ov.
727 3477 805 3533 XXII
823 3478 879 3549 (12)
896 3493 939 3546 pr.
