2654 3922
517 203 736 267 -15-

119 368 177 447 τήν
200 389 230 428 τε
248 365 281 436 ἐκ
299 376 352 446 τῆς
370 371 523 445 πολιτικῆς
542 363 633 446 ἀρχῆς
651 365 782 444 δύναμιν
800 365 855 443 τήν
873 385 903 426 τε
921 363 953 426 ἐκ
971 373 1030 426 τῶν
1048 383 1135 445 στρα-

119 474 234 528 τιωτῶν
262 464 348 546 ίσχὺν
376 470 452 527 θεοῦ
480 462 538 544 πρὸ
565 463 686 526 πάντων
712 459 881 543 ἡγουμένου
903 471 956 543 τῆς
979 461 1136 544 εἰρημένης

119 563 256 636 είπαξίας
282 571 334 641 τῆς
362 561 474 634 πόλεως
501 566 657 641 προνοεῖν,
683 558 823 640 ἐπέχοντα
849 559 902 622 τὸν
929 560 1035 640 τόπον,
1063 559 1135 622 ὅσον

119 655 168 722 ἐπ’
194 659 295 733 αὐτοῖς
317 665 380 733 τοῖς
403 658 590 741 στρατιώταις
612 663 674 731 τοῖς
696 679 726 718 τε
748 656 782 718 ἕν
797 652 999 742 Ἀλεξανδρείᾳ
1021 664 1083 732 τοῖς
1105 680 1136 720 τε

120 752 171 837 ἔφ’
197 755 333 837 ἑκατέρας
355 757 525 838 Aeones,
552 753 603 816 καί
624 763 684 817 τῶν
706 753 906 829 ἐνδοξοτάτων
928 755 979 817 καί
1001 753 1136 836 ἀνδρειο-

120 855 216 917 τάτων
238 863 407 936 στρατηγῶν
429 862 488 915 τῶν
511 853 758 934 πραισενταίίοον,
779 861 838 914 τῶν
860 875 890 914 τε
912 861 965 932 τῆς
983 849 1088 938 Ἑφάς.
1096 848 1136 935 1⁹)

187 950 378 1032 [Βουίόμεθα
401 947 433 1012 δὲ
446 995 455 1012 .
470 1000 476 1011 .
492 943 560 1033 .]²⁰)
584 971 613 1010 τε
634 947 685 1012 καί
707 944 979 1033 mosomensem)
997 957 1137 1034 παρεῖναι
1220 937 1226 948 ’

120 1048 212 1134 αὐτῷ,
233 1047 284 1110 καί
306 1047 467 1130 ὑπουργεῖν
490 1041 536 1120 οίς
559 1044 598 1109 ἂν
620 1046 788 1122 ἐπιτάξιιεν.

120 1255 199 1316 tioni
225 1254 416 1332 praepositus
444 1256 502 1331 est,
529 1255 694 1330 postquam
715 1255 779 1312 tem
802 1252 899 1312 civilis
921 1252 1029 1313 iudiois
1052 1257 1137 1330 pote-

123 1354 235 1413 statem
258 1370 350 1429 quam
372 1351 506 1410 militum
527 1350 590 1410 vim
612 1350 735 1428 hebeat,
762 1350 827 1410 Deo
850 1352 920 1410 ante
943 1350 1044 1411 omnis
1062 1351 1137 1411 duee

125 1451 206 1512 dieto
243 1452 349 1512 decoro
386 1449 482 1508 stetui
518 1449 550 1507 in
585 1449 659 1508 urbe
692 1449 837 1510 servando
869 1448 1037 1527 providere,
1069 1467 1138 1509 eum

124 1551 274 1626 quantum
300 1548 338 1607 ad
361 1546 473 1608 milites
495 1546 578 1622 ipsos
599 1548 667 1604 tum
688 1545 887 1606 Alexandriae
910 1549 978 1606 tum
999 1546 1031 1604 in
1054 1549 1138 1606 utra·

123 1665 184 1722 que
214 1646 354 1724 Aegypto
386 1645 504 1721 spectet
534 1644 635 1703 Ioeum
666 1645 769 1702 teneat
795 1643 1079 1720 gloriosissimorum
1107 1646 1138 1702 et

122 1743 356 1803 fortissimorum
373 1741 588 1820 magistrorum
605 1739 841 1816 praesentalium
859 1741 891 1799 et
910 1759 964 1815 per
983 1739 1136 1799 orientem.

193 1838 225 1917 [ξ
241 1842 270 1901 3.
293 1837 463 1899 Assessores
477 1839 557 1898 etad
573 1834 767 1912 responsura]
797 1833 958 1912 [Volumus
973 1839 1089 1897 eutem.
1100 1884 1105 1895 .
1117 1833 1137 1912 .]

124 1939 156 1998 et
188 1937 226 1996 ad
253 1954 430 2013 responsum
456 1935 485 1995 ei
512 1936 614 1995 adesse
642 1937 674 1994 et
704 1933 870 1994 ministerio
898 1952 961 1994 esse
988 1933 1035 1994 his
1063 1951 1139 2011 quos

122 2034 252 2094 iusserit.

199 2224 242 2288 19)
261 2218 329 2276 eod.
352 2220 402 2275 τὸν
421 2217 604 2284 ἐνδοξότατον
623 2218 673 2273 καί
690 2215 892 2287 ἀνδρειότατον
910 2217 1065 2288 στρατηγὸν
1083 2225 1139 2271 τῶν

123 2293 245 2415 ριγηῆόν
261 2299 369 2418 gfff
391 2284 471 2362 ἑῴοις.
507 2289 550 2344 De
568 2287 696 2413 hligseffie
714 2287 805 2411 Nat-it.
825 2286 926 2413 (tliglurt.
946 2287 991 2344 Or.
1011 2304 1071 2357 cap.
1091 2289 1138 2342 IV.

125 2405 167 2487 Oi.
183 2379 335 2502 Serimgoer:
353 2368 484 2502 aaziae}
502 2362 725 2498 „Pramum
757 2373 867 2497 ίίοοιίιηνζ
881 2374 924 2481 dv?
930 2375 1062 2496 hlilffiqerigg
1073 2360 1139 2482 υθιίνξ

123 2503 352 2573 παρεδρεύοντος
360 2504 444 2558 vocat
452 2499 626 2556 lastinianus
638 2499 763 2554 hocloco
773 2500 912 2553 tractasse
924 2497 1043 2554 videtur.
1067 2497 1139 2552 'lam

124 2573 277 2644 Augustali
294 2590 379 2642 quem
391 2572 464 2628 Duei
479 2587 602 2628 assessor
614 2569 775 2642 (πάρεδρος)
790 2569 828 2623 ad
840 2569 917 2624 latus
930 2568 999 2623 fuit:
1017 2568 1138 2623 Alexan-

125 2643 204 2700 driae
235 2649 383 2714 praeterea
413 2641 565 2697 iuridieum
590 2641 741 2696 iustiniani
768 2640 863 2696 Codex
891 2647 918 2708 1,
938 2647 972 2695 57
1000 2639 1139 2711 agnoseit.

126 2719 172 2783 21)
190 2714 236 2768 Ad
254 2731 420 2839 resfonsum
437 2713 551 2783 proprie
569 2711 751 2768 ministrabat
763 2711 902 2782 magistro
915 2709 1049 2782 militum,
1066 2709 1139 2767 Nor.

126 2855 173 2910 Ad
195 2792 360 2927 resp(onsum
384 2854 489 2912 dieitur
511 2854 560 2923 qui
583 2853 735 2924 deputatus
754 2855 800 2908 est
817 2870 835 2908 a
852 2852 990 2923 magistro
1007 2852 1140 2921 militum,

124 2929 158 2981 ut
182 2927 207 2981 si
229 2927 297 2996 quid
321 2944 392 2997 opus
415 2926 453 2980 sit
476 2942 494 2979 a
516 2942 578 2980 com
600 2927 695 2980 etente
717 2924 812 2979 iudice
838 2923 869 2977 in
886 2925 991 2979 milites
1009 2924 1070 2978 fieri
1087 2923 1140 2976 mi-

124 2997 275 3052 nisterium
299 2999 324 3053 ei
348 2996 488 3052 exhibeat.
524 2997 558 3050 In
575 2943 647 3051 Rev.
670 2995 718 3051 eit.
742 2996 786 3050 eet
806 2992 846 3049 δι’
867 2991 901 3050 οὗ
920 2995 969 3050 καί
988 3000 1144 3063 σωφρονιεῑ

127 3069 296 3139 στρατιώτας
314 3067 395 3124 είπου
409 3065 521 3123 ratiost
536 3067 634 3136 καιρὸς
646 3066 696 3122 καί
710 3063 824 3132 συνάξει
837 3065 908 3147 πρὸς
920 3065 970 3129 τὰς
983 3065 1144 3134 ἀναγκαίας

125 3147 177 3195 τοῦ
194 3138 357 3211 πράγματος
373 3135 535 3210 ὑπουργίας.
563 3136 705 3192 Praefecti
719 3136 872 3218 Augustah
889 3136 917 3190 h.
931 3135 950 3190 l.
970 3135 1007 3190 ad
1025 3150 1139 3204 respon-

127 3227 191 3265 snm
209 3210 308 3265 edesse
325 3209 448 3278 iubetur,
467 3208 572 3279 quippe
590 3207 684 3262 locum
701 3206 833 3278 magistri
850 3206 975 3261 militum
989 3203 1139 3260 obtinenti.

128 3281 185 3337 Sed
212 3283 242 3336 et
270 3279 334 3336 aliis
360 3280 463 3350 quibus
485 3281 515 3334 in
537 3278 644 3334 milites
667 3280 794 3348 potestas
817 3279 893 3333 esset
915 3277 953 3331 ad
974 3292 1141 3346 responsum

123 3351 230 3407 habere
248 3351 276 3406 le
297 3368 328 3406 es
345 3352 545 3422 permiserunt:
564 3350 598 3405 of.
618 3349 690 3404 Nor.
709 3349 802 3404 XXIII
815 3350 874 3420 (24)
892 3364 916 3403 o.
931 3355 959 3415 4,
976 3346 1067 3402 XXIV
1081 3348 1140 3416 (at)

127 3441 151 3482 ο.
173 3430 198 3490 1,
217 3423 268 3478 XX
315 3425 372 3494 (26)
396 3439 419 3478 ο.
438 3429 455 3476 2
473 3428 489 3489 ς
509 3429 523 3476 1
548 3424 578 3477 et
596 3420 687 3476 XXXI
704 3422 762 3492 (28)
788 3438 811 3477 o.
830 3427 861 3490 a,
883 3417 934 3474 ubi
956 3417 1044 3474 sodex
1066 3415 1144 3472 inter

124 3493 218 3548 lineas
235 3492 299 3560 ἤτοι
316 3493 554 3565 ἀποκρισιαρίους.

311 2791 361 2854 ,8)
379 2801 403 2840 e.
420 2792 436 2840 3
451 2790 467 2852 5
481 2791 506 2840 4.
536 2783 628 2838 Sehol.
647 2783 685 2838 sd
702 2781 802 2838 Iulian.
822 2781 877 2852 (ed.
895 2781 1006 2838 Haenel
1018 2800 1046 2852 p.
1064 2785 1139 2852 1⁷9)=
