2654 3922
362 125 424 151 th*
450 115 461 133 t*

477 154 512 172 ΔΑ

590 209 628 219 -
677 171 697 237 6
743 207 787 216 .-

458 239 489 252 hv

179 339 317 415 publicae
344 335 612 409 administrandae,
643 335 695 411 qui
728 336 897 396 obsoletum
925 335 1048 412 linguae
1080 335 1192 395 latinae

177 446 268 487 usum
299 444 316 484 e
348 423 466 484 seriniis
497 427 527 483 et
562 423 680 484 iudiciis
714 423 911 484 orientalibus
943 424 1104 500 expulerit:
1142 424 1193 501 qui

179 514 339 575 orientales
361 512 530 588 provincias
558 512 637 572 bello
661 511 781 573 Persico
804 513 943 574 turbatas
967 515 997 573 et
1020 513 1192 572 devastatas

178 597 357 680 pera'gratus
371 600 538 661 Iustiniana
552 600 811 661 reformandamm
827 602 955 661 istarum
971 601 1194 677 provinciarum

179 695 284 751 auctor
306 690 411 750 luerit:
436 689 488 766 qui
505 690 634 766 denique
653 692 771 750 sumtus
789 690 964 765 imperatori
981 690 1021 749 ad
1042 690 1194 750 tothella

180 779 309 841 feliciter
332 778 464 855 geronda
486 797 647 854 procurare
668 778 811 855 potuerit
847 777 959 839 Ioanne
981 779 1069 856 pulso
1088 778 1194 838 Tribo-

178 869 286 928 nianns
304 886 410 927 rursus
428 867 461 926 in
479 884 598 927 scenam
615 867 716 942 prodit
734 858 853 946 (utpote
871 867 955 927 cuius
975 866 1193 942 subscriptione

178 952 247 1029 τοὺς
269 955 373 1027 θείους
395 948 509 1026 τύπους
531 955 646 1015 firmari
668 947 890 1035 constituitur),
913 960 944 1015 et
965 974 1071 1016 rursus
1093 957 1198 1031 patrio,

178 1045 340 1106 Iustiniani
367 1062 505 1104 sermone
530 1045 616 1121 leges
642 1044 882 1120 promulgantur.
929 1044 1062 1104 Tandem
1090 1044 1194 1104 Tribo·
1315 1121 1316 1124 Ἴ

178 1136 268 1195 niano
291 1135 448 1211 quaestore
468 1135 499 1192 et
518 1131 675 1193 Theodora
693 1132 883 1209 imperatoris
902 1133 1027 1209 coniuge
1046 1132 1193 1193 defunctis

179 1223 365 1283 Iustinianus
393 1221 455 1281 ism
482 1239 638 1302 senescens
666 1221 844 1297 praesertim
867 1221 1075 1282 ecclesiasticis
1103 1221 1193 1282 rebus

180 1315 340 1387 occupatus
363 1310 503 1372 cernitur.
539 1309 622 1370 Haec
641 1312 672 1368 et
695 1309 760 1370 eius
783 1310 902 1386 generis
920 1309 981 1369 alia
998 1310 1195 1372 Novellarum

181 1400 315 1462 collectio
339 1397 551 1474 chronologica
574 1397 661 1474 quasi
679 1398 717 1457 ob
741 1399 842 1459 oeulos
864 1397 958 1474 ponit.
996 1398 1079 1469 Quae
1102 1418 1194 1476 quum

179 1491 225 1549 ita
243 1489 313 1562 sint,
332 1487 467 1548 collectio
486 1486 633 1548 eiusmodi
650 1486 725 1546 viris
744 1486 840 1547 doctis
859 1505 929 1547 mox
945 1490 1101 1562 praestare
1114 1488 1195 1547 vide-

180 1579 264 1638 bitur
294 1576 481 1636 inordinatae
513 1574 559 1634 illi
593 1575 797 1651 compilationi
829 1593 920 1652 quam
953 1576 985 1636 in
1015 1576 1195 1637 editionibus

181 1667 321 1744 Corporis
348 1665 424 1725 iuris
451 1663 596 1724 hactenns
619 1663 753 1724 invenire
776 1668 832 1724 est
876 1663 975 1725 Medio
997 1683 1084 1742 aevo,
1112 1667 1195 1740 post·

181 1775 271 1832 quarn
280 1754 473 1816 Novellarnm
481 1753 599 1829 plenior
608 1753 743 1814 collectio
753 1753 791 1812 ab
803 1753 975 1812 Haloandro
986 1755 1017 1812 et
1027 1751 1195 1828 Serimgero
1315 1779 1316 1838 ξ

180 1844 294 1920 publici
320 1843 395 1901 iuris
422 1843 503 1902 faeta
526 1844 586 1917 est,
613 1841 743 1901 editores
768 1840 908 1916 Corporis
935 1839 1012 1900 iuris
1036 1841 1113 1900 hano
1136 1842 1194 1901 col·

180 1933 339 1993 lectionem
357 1949 425 1990 cum
444 1928 657 1990 additamentis
677 1929 710 1988 in
731 1931 829 1990 locum
848 1928 892 1988 IX
910 1929 1104 1989 collationum
1128 1931 1197 1989 sub-
1315 1921 1316 1994 i

182 2021 346 2080 stituerunt
372 2021 465 2094 atque
492 2016 558 2078 IOti
585 2018 728 2079 Novellas
755 2019 889 2079 numeris
918 2036 955 2078 ex
977 2018 1113 2095 pleniore
1136 2019 1195 2078 col·
1315 2047 1316 2090 3

180 2109 309 2170 lectione
337 2107 482 2167 desumtis
509 2107 634 2168 laudam
662 2125 729 2167 sese
754 2108 988 2168 assuefecerunt.
1033 2108 1099 2183 Ego
1123 2125 1195 2166 vero
1315 2147 1316 2166 t

181 2202 285 2258 nostro
312 2214 386 2256 aeuo
413 2196 711 2271 transnatantes,
739 2213 816 2271 quae
844 2214 862 2256 a
889 2195 1053 2255 maioribus
1082 2196 1196 2256 tradita

182 2291 243 2363 est,
267 2285 305 2345 ad
328 2303 436 2346 novam
461 2284 636 2346 methodum
657 2285 753 2344 multo
776 2283 993 2360 expeditiorem
1015 2301 1081 2344 esse
1103 2285 1197 2344 oredi-

182 2375 292 2451 dertm,
316 2393 409 2451 qnnm
431 2373 479 2434 ins
502 2373 671 2434 Romanum
693 2372 782 2433 hodie
804 2373 837 2432 in
856 2372 966 2434 scholis
985 2373 1087 2450 potius
1107 2391 1197 2449 quam
1315 2361 1316 2424 i

182 2465 214 2524 in
231 2463 348 2524 indiciis
367 2464 548 2524 anctoritate
565 2463 693 2522 fruatur.
735 2460 934 2538 Quanquam
956 2463 1005 2521 ita
1024 2462 1084 2521 sint
1106 2461 1197 2522 vebo·
1315 2507 1316 2550 3

182 2556 300 2614 menter
328 2553 414 2612 doleo
441 2552 520 2628 qnod
543 2549 691 2610 thdllins
717 2551 899 2609 anteriorum
925 2549 1074 2608 subieram
1097 2568 1198 2609 exem·
1315 2605 1316 2640 3

181 2643 266 2718 plum
290 2641 375 2717 sequi
397 2640 546 2700 maluerit.
1315 2659 1316 2692 1

272 2729 398 2787 Praeter
416 2727 551 2787 ordinem
569 2725 811 2801 cbmnologicum
832 2723 926 2784 editio
948 2743 1016 2784 mea
1038 2726 1199 2802 eonspiona

184 2821 232 2877 est
250 2815 408 2876 collatione
423 2815 529 2891 optimi
543 2813 660 2874 Codicis
674 2813 784 2873 Veneti
801 2814 928 2890 integra,
947 2813 986 2872 ad
1005 2813 1089 2874 cuius
1107 2814 1197 2874 iidem

182 2905 379 2965 Nouellarum
415 2922 593 2979 menarum
624 2903 741 2962 textum
771 2901 927 2979 castigavi
976 2902 1199 2980 Nonnunquam

182 2993 316 3054 Venetas
343 2993 487 3052 lectiones
515 2991 661 3065 servaris
675 2992 747 3051 licet
768 2992 910 3068 numeres
933 2993 1199 3068 grammaticorum

183 3082 307 3159 regulae
329 3081 538 3158 refragentur:
558 3081 691 3155 exempli
710 3079 812 3156 gratia
836 3075 901 3140 οὔτε
925 3069 1006 3155 οὐδὲ,
1030 3073 1100 3157 μήτε
1123 3075 1199 3156 μηδὲ

182 3171 350 3248 prominens
368 3161 661 3250 usurpata(P.Ip
683 3171 722 3230 21
742 3169 794 3228 lin.
813 3171 855 3229 10
872 3188 892 3228 a
909 3169 977 3244 fine,
994 3187 1024 3244 p.
1042 3169 1084 3229 25
1104 3168 1195 3228 line

184 3279 202 3318 a
230 3259 289 3320 fine
316 3263 347 3320 et
375 3258 417 3319 sic
444 3250 585 3340 passim),
617 3257 668 3317 ἵνα
699 3277 767 3318 cum
793 3258 953 3318 indicativo
983 3258 1032 3317 vel
1064 3256 1199 3333 optativo

184 3340 232 3428 (P.
260 3347 291 3407 II
318 3368 347 3424 p.
376 3349 437 3408 301
468 3348 520 3408 lin.
549 3351 579 3410 6.
615 3367 644 3424 p.
674 3349 738 3407 329
768 3347 819 3406 lin
850 3349 889 3406 15
919 3349 950 3405 et
980 3345 1024 3405 sic
1056 3335 1197 3425 centies),

183 3428 305 3496 ἐπειδὰν
328 3467 370 3478 -
393 3433 477 3498 ἔλθοι
501 3429 579 3519 (P.I
602 3457 631 3513 p.
646 3437 687 3496 47
708 3437 759 3495 lin.
775 3438 793 3496 9
810 3428 876 3516 sq.)‚
900 3433 946 3494 εἰ.
962 3482 968 3495 .
987 3433 1199 3512 repatriantes
