2654 3922
544 157 762 222 „43-

145 317 242 396 μνίων
260 316 311 378 καί
329 317 384 378 όσα
399 318 533 380 πολιτικὰ
548 317 712 398 καθέστηκε
727 319 924 400 δαπανήματα
936 319 985 382 lat
1002 319 1086 399 [τῶν]
1104 321 1159 383 δύο

44 461 47 466 ,
145 414 308 495 Αίχόπτων
339 416 470 502 κινδύνῳ
502 426 555 478 τοῦ
587 415 745 499 ἐπιχωρίου
779 427 837 479 τῶν
869 417 1015 501 ἐπαρχιῶν
1046 419 1160 480 τούτων

146 508 287 592 άρχοντος
314 508 588 597 ἕπιδιδομένωνέῑθ)
615 520 678 587 ταῖς
702 515 805 588 αὐταῖς
828 514 956 577 πόλεσιν.
1001 514 1050 577 aa
1073 513 1107 577 δέ
1128 537 1160 597 χε

145 614 208 681 τοῖς
231 607 290 671 ὑπὸ
314 619 366 672 τοῦ
389 610 582 692 περιβλέπων
605 611 820 693 αὐχουσταλίον
843 614 976 700 κινδύνῳ
995 613 1092 699 οἰκείῳ
1110 611 1161 673 καλ

145 714 199 785 τῆς
229 706 322 768 αὐτοῦ
348 708 455 782 τάξεως
483 707 763 789 διοικηθησομένοις
790 707 894 770 άδειαν
921 708 978 784 ἕξει
1000 709 1050 772 καί
1073 709 1160 791 λόχον

145 802 276 883 διδόναι,
303 803 353 865 καί
378 807 477 866 πάντα
499 807 634 888 πράττειν
656 807 730 888 άπερ
753 805 792 868 διν
816 811 974 869 λυσιτελεῖν
996 813 1036 893 τῷ
1061 807 1155 889 πράχ-

143 923 214 980 ματι
236 907 419 982 νομισθεῖεν,
442 897 491 965 olo
517 913 570 965 τοῦ
591 904 738 966 κινδύνου
760 903 872 978 παντὸς
891 906 933 978 εἰς
952 903 1044 966 αὐτόν
1061 927 1091 965 τε
1109 903 1159 965 καὶ

144 997 201 1076 τὴν
226 997 319 1060 αὐτοῦ
339 1000 421 1074 τάξιν
440 999 615 1082 φερομένου.
654 1001 767 1081 δηλαδὴ
786 1011 845 1063 τῶν
864 1003 1083 1082 δαπανημάτων
1101 1011 1160 1062 τῶν
1276 1033 1279 1042 ·

144 1093 311 1176 γινομένων
337 1095 386 1158 έπί
414 1107 467 1177 τῆς
492 1093 705 1180 Ἀλεξανδρέων
733 1098 844 1172 πόλεως
872 1099 946 1160 κατὰ
973 1098 1005 1160 cb
1028 1100 1161 1177 σύνηθες

143 1190 312 1273 γενομένων
350 1189 389 1256 δι’
422 1195 559 1275 ἐκείνων,
596 1198 626 1257 οἳ
656 1195 744 1278 ,μέχρι
780 1206 839 1258 νῦν
870 1207 962 1258 ταῦτα
992 1196 1160 1278 πράττουσι.

145 1289 275 1370 μηδενὸς
298 1292 370 1354 κατὰ
392 1293 544 1375 πρόφασιν
567 1303 619 1356 τοῦ
644 1295 740 1374 δῆθεν
763 1293 805 1374 μὴ
823 1293 1002 1356 ὑποκεῖσθαι
1020 1299 1060 1378 τῳ
1078 1314 1160 1374 περι-

145 1386 259 1473 βλέπτῳ
278 1387 482 1476 αόχουσταλίῳ
503 1389 687 1471 [δυναμένου
706 1392 955 1473 παραγράφεσθαι
969 1389 1071 1470 αὐτὸν,
1090 1391 1160 1452 ὥστε

144 1486 268 1547 πάντων
291 1486 562 1568 εόχνωμονοόντων
585 1487 640 1567 τὴν
663 1487 816 1570 εἴσπραξιν
838 1482 1062 1571 χίνεσθαι,]“7)
1086 1486 1160 1569 μηδὲ

145 1581 240 1644 αὐτοῦ
268 1593 320 1645 τοῦ
347 1583 539 1667 περιβλέπτου
568 1585 765 1667 αόχυσταλίου
790 1586 840 1646 καί
863 1595 915 1666 τῆς
938 1586 1030 1648 αὐτοῦ
1053 1587 1160 1660 τάξεως

143 1678 405 1744 έθελοκακοάντων
427 1683 479 1744 καί
499 1707 566 1745 τινα
589 1683 677 1745 δόλον
699 1681 720 1762 ἢ
742 1681 775 1743 έν
797 1689 860 1755 ταῖς
883 1683 1065 1763 είσκομιδαῖς
1088 1681 1160 1762 div

146 1868 289 1928 videlicet
312 1870 483 1930 solennibus
507 1873 538 1930 et
561 1873 712 1948 quotquot
735 1870 837 1930 civiles
860 1869 1011 1946 impensae
1036 1869 1162 1928 suntin

143 1965 265 2025 duabus
292 1966 441 2046 Aegyptis
472 1968 606 2044 periculo
638 1967 796 2046 indigenae
825 1967 1022 2046 magistratus
1054 1968 1162 2027 harum

143 2063 358 2139 eparchiarum
384 2064 465 2124 hisce
492 2065 618 2124 urbibus
646 2066 807 2125 tradendis,
852 2065 889 2124 In
916 2065 963 2124 his
990 2085 1060 2124 vero
1085 2083 1162 2142 quae

143 2179 165 2218 a
189 2160 348 2235 spectabili
369 2162 535 2240 Augustali
558 2162 678 2238 proprio
702 2162 835 2238 periculo
860 2165 891 2221 et
914 2161 1005 2222 officii
1028 2162 1092 2221 eius
1112 2162 1162 2221 ad-

145 2257 360 2316 ministrantur
400 2259 560 2318 licentiam¹
594 2258 717 2317 habebit
753 2259 845 2317 etiam
881 2257 969 2338 λόγον
1006 2259 1097 2318 dandi
1133 2261 1164 2317 et

144 2358 258 2414 cuncta
298 2356 427 2416 faciendi
465 2375 542 2433 quae
580 2356 742 2415 conducere
780 2355 901 2433 negotio
938 2355 1053 2414 firerint
1088 2355 1162 2433 visa,

146 2453 260 2528 quippe
288 2471 357 2512 cum
386 2473 471 2513 omne
499 2453 667 2531 periculum
695 2453 727 2510 in
754 2452 854 2528 ipsum
881 2451 1006 2528 eiusque
1030 2451 1163 2511 officium

145 2550 304 2609 referatur.
349 2551 505 2628 impensae
537 2551 680 2609 nimirum
713 2569 790 2626 quae
821 2549 854 2607 in
885 2549 958 2609 urbe
986 2549 1162 2608 Alexandri-

146 2667 256 2707 norum
274 2647 353 2706 fiunt
371 2669 406 2707 ex
424 2668 505 2708 more
525 2648 678 2707 faciendae
698 2650 770 2706 sunt
787 2667 841 2723 per
859 2647 927 2707 illos
947 2647 1000 2723 qui
1018 2647 1163 2706 hactenus

145 2763 198 2804 cas
221 2747 400 2805 tractarunt.
437 2746 533 2807 Nemo
558 2748 660 2804 autem
683 2745 739 2804 sub
761 2747 922 2821 praetextu
945 2745 1026 2822 quod
1049 2747 1163 2821 specta·

145 2842 202 2900 bili
225 2841 391 2921 Augustali
418 2863 478 2903 non
502 2843 601 2902 subsit
624 2841 707 2917 [eum
730 2842 933 2917 praescribere
955 2843 1074 2918 poterit.
1116 2842 1164 2900 Ita

145 2939 263 2999 eunctis
295 2941 387 3015 probe
419 2941 579 3019 agentibus
613 2940 728 2999 exactio
761 2938 839 3018 flea]
877 2959 914 2999 ne
946 2940 1011 3016 ipso
1042 2939 1163 3016 quidem

145 3037 306 3112 spectabili
328 3038 494 3117 Augustali
517 3037 651 3098 officiove
676 3037 740 3097 eius
763 3037 897 3113 improbe
921 3036 1109 3097 versantibus
1133 3037 1164 3093 et

146 3133 286 3193 fraudem
310 3136 444 3211 aliquam
468 3136 530 3196 sive
553 3135 585 3194 in
607 3134 796 3194 illationibus
816 3135 878 3194 sive
896 3134 929 3191 in
946 3133 1028 3192 felici
1046 3131 1164 3192 embola

220 3305 283 3371 116)
308 3303 373 3359 Cod.
397 3303 540 3375 ἀρχόντων
564 3299 771 3374 έπιδιδομένου.
863 3303 925 3370 117)
948 3300 1025 3355 Haec
1049 3299 1095 3355 vel
1118 3299 1163 3353 his

146 3371 254 3430 similia
267 3375 449 3433 manifestum
463 3377 507 3430 est
521 3374 667 3444 excidisse,
681 3374 749 3428 lieet
762 3375 791 3428 in
802 3373 862 3429 cod.
875 3373 993 3427 lacunae
1011 3369 1163 3440 vestigium

146 3462 205 3501 non
223 3448 368 3515 appareat.
406 3446 539 3502 eonferas
559 3447 654 3502 autem
673 3463 758 3514 supra
776 3451 792 3512 ξ
813 3450 844 3499 12
864 3443 895 3498 in
913 3443 975 3498 fine.
