2654 3922
513 189 729 254 ..25-

179 374 207 430 p.
232 355 273 414 53
297 354 349 414 lin.
374 356 413 414 13
439 349 587 414 ἕντνθένοιι
609 354 721 414 rectius
745 353 814 413 Hal.

178 462 207 519 p.
232 445 272 502 61
296 443 347 503 lin.
372 445 412 502 12
438 461 456 501 a
479 443 500 504 f.
521 444 611 502 ταῦτα
634 444 698 502 seil.
720 435 754 502 τὰ
777 436 862 503 ὅπλα.

179 550 207 607 p.
234 534 272 591 61
298 534 359 593 not.
384 534 413 591 2.
444 531 536 591 Auth.
559 531 696 608 vapulat:
721 530 856 591 eonferas
881 528 1000 606 ποῖοι-ξ
1022 533 1038 588 1
1058 523 1128 601 τοὺς

110 615 319 698 πεμπομένους
332 613 413 698 παρὰ
434 622 486 698 τῆς
509 621 563 697 σῆς
585 612 738 698 ὑπεροχῆς.
763 619 795 678 Si
813 612 1016 698 ἆφοριζόννων
1033 619 1127 695 legas,

114 708 408 785 subintellegeudum
421 709 480 769 τῶν
493 705 753 787 παραληψομένων
762 712 820 768 κτλ.
835 706 994 768 Caeterum
1008 707 1127 766 Iuliam:

114 795 263 873 Oportet.
278 840 285 856 .
300 839 307 856 .
321 797 501 875 magistrum
524 797 691 857 officiorum
713 798 844 873 quinque
867 795 1067 855 chartularios
1091 795 1128 856 de

113 885 220 945 serinia
243 886 376 946 fabricae
400 886 565 962 deputare.
582 933 588 944 .
605 886 769 962 primates
794 885 905 946 serinii

179 993 207 1049 p.
238 977 278 1034 62
311 974 363 1034 lin.
398 978 447 1035 11.
494 974 582 1034 Ratio
614 975 750 1050 postulat
781 977 817 1034 ut
849 972 946 1034 officio
978 972 1128 1048 praesidia

111 1080 208 1139 poena
226 1063 255 1120 V
272 1063 419 1122 librarum
438 1063 505 1122 auri
527 1063 696 1123 immineat:
719 1063 823 1140 itaque
845 1064 914 1139 post
936 1055 1030 1132 τάξεις
1047 1061 1129 1119 laeu-

112 1168 182 1210 nam
207 1152 323 1211 statuas
347 1169 468 1212 necesse
491 1154 546 1226 eet,
570 1152 641 1211 lieet
662 1171 718 1212 nea
740 1151 834 1211 Auth.
852 1171 907 1213 nec
930 1149 1038 1210 Iulian.
1062 1148 1127 1208 eius

113 1239 277 1316 vestigium
298 1240 438 1300 indicent.
476 1238 635 1300 Caeterum
658 1240 769 1300 Athen.
795 1242 886 1300 etiam
909 1237 1127 1298 fabriceneibus

112 1343 239 1403 poenam
260 1328 425 1405 irrogatam
448 1347 514 1388 esee
536 1333 640 1389 auctor
663 1341 718 1390 est.

179 1437 208 1492 p.
233 1419 273 1477 65
297 1416 349 1478 lin.
375 1420 414 1477 12
439 1436 459 1477 a
481 1417 501 1476 f.
525 1411 632 1490 ἅλλοςῖ

180 1506 218 1565 ad
240 1509 303 1568 not.
328 1507 375 1566 8².
412 1506 460 1565 An
484 1499 712 1589 ἆπαιτονμὲνῳῖ

178 1614 207 1671 p.
233 1597 273 1654 67
297 1595 349 1655 lin.
373 1595 392 1654 5
416 1593 526 1654 aurita?

179 1702 208 1758 p.
234 1684 273 1742 71
297 1683 349 1743 lin.
375 1686 415 1743 13
440 1683 472 1744 οἱ
491 1678 671 1762 iriquum?
700 1681 860 1742 Caeterum
884 1680 945 1742 Sur.
969 1700 1037 1740 eum
1059 1679 1127 1738 Hal.

113 1763 227 1850 aiyvup.
256 1772 330 1831 Ven.
355 1773 456 1831 autem
480 1790 547 1831 uum
570 1771 640 1831 Bas.
659 1764 738 1851 εὐγν.

179 1879 208 1936 p.
233 1860 349 1920 751in.
374 1863 392 1921 9
418 1859 461 1920 cf.
486 1879 510 1921 ο.
532 1857 637 1920 XCIV.

179 1969 207 2024 p.
233 1949 344 2009 761111.
367 1952 417 2010 10.
440 1947 483 2008 cf.
508 1949 527 2008 l.
552 1951 571 2008 3
596 1947 627 2007 O.
647 1950 684 2008 de
701 1951 801 2009 natur.
820 1948 872 2010 lib.
890 1945 1050 2007 Caeterum
1068 1943 1128 2003 Ve-

112 2038 184 2097 neta
206 2036 294 2097 lectio
317 2029 457 2116 ὖπήρχθη
484 2056 539 2113 pro
567 2029 699 2116 ὑπῆρχεν
725 2056 785 2097 non
813 2040 861 2097 est
888 2055 941 2098 aar
967 2034 1128 2094 reiieiatur.

180 2145 209 2200 p.
234 2127 349 2186 781111.
375 2129 394 2186 6
419 2119 568 2204 ὥρμηνται
591 2117 750 2208 (suadente
774 2118 906 2206 Anapi

179 2213 230 2272 liu
255 2216 297 2275 10
321 2204 427 2286 οὗτοςῖ
451 2215 530 2290 quod
552 2215 646 2274 habet
668 2215 735 2274 Hei
760 2218 792 2276 et
813 2213 916 2273 firmat
938 2212 1031 2272 Auth.

180 2301 230 2361 liu.
257 2305 275 2362 9
299 2321 318 2362 a
339 2304 360 2362 f.
385 2303 452 2363 Hal.
477 2321 565 2379 quem
589 2304 727 2380 sequitur
749 2302 811 2362 Ser.
835 2295 1010 2379 δυνάμενος.

179 2410 208 2467 p.
234 2393 274 2451 79
297 2394 359 2452 not.
385 2394 450 2452 16⁸.
481 2391 574 2452 Auth.
592 2391 686 2452 vertit
704 2386 899 2468 ‚‚extraneae“
920 2380 1019 2468 (extra
1038 2385 1128 2446 eum?

114 2479 201 2555 quasi
223 2479 255 2537 in
272 2499 380 2556 graeco
398 2480 492 2541 fuerit
509 2479 578 2559 δίχα
594 2473 724 2558 ταύτης).
747 2479 826 2538 forte
844 2479 948 2558 τριπλῇ
966 2477 1016 2538 rel
1033 2476 1126 2554 τριχῆ.

179 2587 212 2643 p.
235 2569 276 2628 83
301 2569 340 2627 ad
366 2571 429 2630 not.
452 2572 493 2629 22
523 2569 612 2629 adde:
639 2587 711 2628 nam
738 2566 912 2628 constitutio
944 2565 1008 2624 eiua
1041 2581 1129 2639 argu-

112 2655 208 2716 menti
229 2675 290 2717 uon
312 2661 404 2718 extat.

180 2764 208 2820 p.
233 2747 276 2805 84
300 2746 422 2807 adnot.
447 2748 488 2806 23
512 2746 549 2806 ef.
572 2764 596 2807 ο.
619 2743 717 2805 XCIV
739 2764 763 2806 ο.
790 2748 818 2803 1.

180 2852 209 2908 p.
234 2835 275 2894 88
294 2835 345 2894 lin.
367 2838 406 2894 11
427 2829 580 2912 προσήκει,
598 2839 659 2907 τοῖς
679 2829 893 2912 tramutata
907 2827 1015 2894 terra?
1034 2830 1129 2890 Auth.
1217 2842 1220 2853 ·

111 2921 262 2982 testatori.

179 3029 208 3086 p.
232 3012 273 3072 89
298 3011 350 3072 lin.
375 3011 393 3071 9
418 3005 594 3092 iyypcipear‘?

180 3102 242 3160 not.
272 3101 323 3160 37.
356 3099 439 3160 Haec
461 3097 490 3175 ἕ.
519 3104 549 3160 et
572 3096 602 3175 §-
624 3101 642 3160 5
668 3116 795 3175 sequens
817 3099 965 3175 repetitae
993 3098 1063 3156 sunt
1094 3113 1130 3153 ex

112 3205 137 3247 ο.
161 3186 248 3246 XLII
271 3207 294 3248 e.
319 3189 348 3247 5.
380 3188 454 3249 Inde
477 3189 625 3248 Venetam
654 3188 813 3248 laetiorem
850 3188 888 3246 ad
925 3189 988 3245 not.
1022 3186 1063 3245 38
1099 3185 1130 3242 et

112 3277 155 3336 39
180 3276 345 3336 emendavi.
940 3266 961 3309 ‘

181 3384 209 3441 p.
243 3365 283 3425 91
319 3364 370 3424 lim
405 3367 444 3426 13
477 3365 498 3425 f.
529 3365 566 3425 ad
588 3365 683 3426 verba
699 3358 842 3443 πρότερον
865 3358 918 3440 μὲν
936 3365 1032 3434 natea,
1055 3358 1130 3418 desi·

115 3451 217 3513 derari
234 3455 267 3513 in
291 3453 486 3529 sequentibus
510 3448 542 3514 δὲ
566 3453 645 3530 quod
667 3453 735 3513 istis
758 3451 947 3529 respondeat.
993 3449 1043 3508 Me
1067 3447 1131 3524 qui·
