2654 3922
561 150 781 214 ..69-

165 308 357 392 ίιτιίεγὲντων
379 309 411 372 ἐν
434 321 470 396 τῇ
493 311 572 395 χώρα
593 305 721 392 [είς]”1)
744 321 840 392 τοῦτο,
864 313 894 373 εἴ
906 306 997 398 pem)
1016 311 1102 394 ἡμεῖς
1119 313 1182 376 ίιτι-

168 409 305 488 τηδείονς
328 402 404 470 εἶναι
421 409 584 490 κρίναιμεν,
607 407 897 489 ἀντικαθισταμένων
914 411 964 473 καὶ
982 411 1093 485 εἰςτὰς
1111 410 1125 473 ί
1158 414 1184 473 ί-

164 531 227 568 νων
256 507 420 588 παμαρχίας
443 505 545 568 τεκαὶ
568 506 672 580 οὐσίας
694 505 910 588 ἐμβαινόντων,
936 509 1023 582 θείας
1045 532 1074 570 τε
1097 506 1183 589 ἡμῶν

164 603 215 666 καὶ
238 598 439 687 εὐσεβοῦςῃῦ)
466 603 665 685 [ἀντιγραφῆς
687 603 750 682 καί]
780 606 963 686 προστάξεως
988 616 1042 668 τοῦ
1065 606 1181 689 θρόνον

165 711 220 763 τοῦ
238 711 293 764 σοῦ
311 701 379 782 περὶ
396 703 502 764 τούτου
525 699 690 782 γινομένης.

166 823 1118 836 —————--—-=--.-—-——-=-

1126 786 1179 874 224)

591 919 751 928 -—-—

164 1027 539 1036 ------
548 982 1179 1080 ·.....„....-,„„„„2'25)

233 1080 411 1161 Βονλόμεθα
436 1081 540 1142 τοίνυν
565 1081 639 1142 κατὰ
665 1081 785 1165 πρώτην
813 1083 895 1156 τάξιν
923 1083 1013 1146 αὐτὸν
1040 1091 1180 1167 προνοεῖν

163 1189 219 1260 τῆς
250 1180 348 1252 αἰσίοις
379 1177 507 1259 ἐμβολῆς
537 1178 589 1240 καί
619 1189 672 1241 τοῦ
703 1180 850 1261 τροφίμον
880 1191 933 1261 τῆς
957 1175 1179 1264 Ἀλεξανδρέων,

163 1357 221 1416 hoo
250 1357 338 1416 electi
365 1360 436 1417 sunt
463 1358 489 1416 si
517 1377 571 1418 nos
594 1358 716 1419 idoneos
739 1377 803 1418 esse
830 1359 996 1419 iudicemus
1019 1361 1051 1418 in
1075 1380 1178 1421 corum

163 1453 265 1513 locum
287 1453 513 1514 substituantur
536 1458 566 1514 et
588 1455 621 1514 in
643 1455 766 1515 illorum
787 1457 967 1533 pagurclrias
991 1459 1021 1516 et
1040 1458 1178 1517 substan-

163 1553 223 1611 tias
242 1552 458 1630 ingrediantur,
477 1552 579 1612 divino
599 1556 629 1611 et
646 1553 697 1629 pio
717 1555 819 1612 nostro
837 1554 982 1631 rescripto
1001 1557 1032 1614 et
1046 1556 1177 1616 iussione

162 1650 265 1710 throni
283 1650 331 1709 tui
350 1651 429 1709 circa
447 1651 478 1708 id
495 1650 681 1727 procedente.

232 2072 266 2148 [ἓ
297 2079 323 2132 1.
360 2074 443 2134 Oura
469 2075 562 2147 felicis
589 2071 735 2148 embolae]
790 2074 939 2135 Volumus
975 2075 1071 2153 igitur
1107 2095 1177 2134 eum

161 2170 258 2246 primo
287 2171 351 2229 loco
380 2187 486 2228 curare
513 2171 631 2228 felicem
658 2171 806 2230 embolam
833 2174 865 2232 et
891 2173 1065 2232 alimoniam
1092 2172 1176 2232 urbis

236 2303 300 2369 221)
328 2301 416 2354 Recte
449 2299 592 2369 supplevit
624 2298 835 2370 Osenbrtiggen.
943 2307 1006 2368 222)
1034 2304 1102 2358 cod.
1135 2306 1176 2361 δὲ.

161 2375 227 2440 223)
245 2370 371 2440 Aliquod
396 2370 513 2426 verbum
541 2369 678 2425 excidisse
701 2369 884 2424 manifestum
907 2372 958 2425 est.
995 2371 1175 2430 conjeceram

161 2441 468 2569 circumter
481 2440 1175 2582 slrretcrcrtsduilliteratos

161 2581 753 2726 &tillaotlltlttotsitll
770 2581 1176 2726 rutlletsstmtttt

160 2744 234 2798 quae
262 2727 417 2794 sequuntur
443 2725 596 2781 verisimile
624 2726 674 2780 est.
715 2725 757 2779 De
784 2724 887 2779 comite
915 2726 958 2780 rei
985 2726 1116 2783 militaris
1144 2729 1175 2783 in

158 2797 250 2852 limite
265 2796 390 2867 Aegypti
409 2796 565 2862 constituto
585 2795 716 2850 videatur
733 2794 846 2850 Notitia
860 2794 965 2852 Orient.
981 2814 1004 2854 c.
1018 2798 1106 2866 XXV,
1124 2799 1174 2854 ubi

160 2870 360 2924 enumerantur
383 2867 434 2936 qui
457 2867 509 2921 sub
533 2869 592 2922 eius
616 2866 803 2937 dispositione
822 2868 903 2920 erant
921 2867 1036 2923 milites.
1072 2870 1175 2925 Postea

160 2939 199 2994 ad
226 2938 398 3009 dignitatem
426 2937 505 2992 ducis
532 2940 677 3008 promotus
705 2938 760 2993 est:
790 2935 858 2994 cod.
886 2943 1019 2996 2.7.13.
1047 2940 1173 3022 Denique

160 3010 349 3074 Iustinianus,
372 3011 405 3063 ut
423 3008 541 3064 ducibus
559 3008 666 3079 Libyae
685 3010 714 3063 et
732 3007 907 3077 Thebaidos,
927 3009 971 3063 ita
989 3008 1055 3064 duci
1073 3010 1173 3066 limitis

160 3080 284 3150 Aegypti
307 3080 395 3135 etiam
417 3079 532 3134 civilem
553 3081 726 3150 potestatem
744 3079 774 3132 in
792 3079 1016 3148 Augustamnica
1033 3081 1126 3148 prima
1145 3084 1174 3136 et

160 3151 285 3205 secunda
310 3152 370 3206 'hac
402 3153 500 3206 nostra
531 3149 732 3206 constitutione
761 3149 872 3204 dedisse
899 3149 1020 3203 videtur.
1066 3149 1173 3214 Quodsi

159 3220 226 3291 quis
250 3223 374 3277 statuere
397 3221 530 3276 maluerit
549 3222 603 3276 hoc
622 3221 716 3291 capite
735 3220 770 3275 de
788 3219 912 3276 Arcadia
929 3221 1083 3274 tractatum
1101 3235 1172 3290 esse,

159 3292 258 3348 obstat
280 3291 356 3360 quod
377 3291 452 3347 infra
475 3292 511 3347 de
534 3291 674 3362 eparchiis
697 3295 726 3348 et
748 3291 891 3362 indigenis
908 3289 1050 3345 iudicibus
1067 3290 1173 3361 plurali

158 3379 277 3420 numero
307 3379 397 3418 sermo
421 3365 477 3430 est,
500 3362 531 3416 id
554 3363 630 3432 quod
651 3361 765 3418 nonnisi
787 3363 818 3416 in
836 3361 1087 3433 Augustamnicam
1114 3362 1171 3431 pri-

157 3451 236 3488 mam
254 3435 284 3488 ct
303 3433 456 3489 secundam
474 3434 603 3504 quadrat.
