2654 3922
569 141 789 208 -10-.

169 303 258 376 τίὸος.
300 301 494 381 ἐννοήσαντες
517 301 630 381 τοίνυν,
654 299 693 375 ὡς
716 300 846 362 ἐπὶτῶν
869 299 1037 382 ἔμπροσθεν
1060 301 1187 384 χρόνων,

170 400 198 462 εί
219 399 269 461 καὶ
291 399 327 461 τὰ
349 397 423 461 drea
444 409 503 461 τῶν
527 400 678 480 δημοσίων
701 399 879 481 είσπράξεων
901 397 998 460 ἐδόκει
1019 421 1082 472 πως
1105 401 1187 462 τετά-

170 503 259 580 χθαι,
287 492 349 558 ἀλλ’
376 488 431 558 οὖν
454 497 528 558 κατὰ
550 495 605 576 τὴν
628 494 836 578 Αἰγυπτιακὴν
859 497 1007 574 διοίκησιν
1030 497 1124 570 οὕτως
1146 490 1187 578 ἦν

172 592 385 676 συγκεχυμένα,
408 594 479 656 ὥστε
503 591 577 674 μηδὲ
596 593 613 655 ὅ
630 618 658 655 τι
675 594 828 676 πράττεται
845 593 920 655 κατὰ
937 594 1035 676 χώραν
1053 593 1189 656 ένταῖιθα

170 686 401 774 γινώσκεσθαι3)
417 701 447 753 ξ.
462 737 469 752 .
483 690 534 752 καῖ
551 690 762 771 ἐθαυμάσαμεν
780 690 836 769 τὴν
855 689 937 771 μέχρι
950 699 1008 752 νῦν
1022 701 1076 753 τοῦ
1091 692 1186 773 πράγ-

172 811 262 868 ματος
286 787 420 863 ἀταξίαν·
444 784 507 849 ἀλλ’
528 787 637 850 ἔδωκεν
656 785 671 849 ὅ
690 787 762 861 θεὸς
780 787 935 850 καὶτοῦτο
953 793 1016 862 τοῖς
1034 785 1187 870 ἡμετέροις

174 889 369 966 φυλαχθῆναι
395 891 510 967 καιροῖς
535 884 585 946 καὶ
607 891 670 958 ταῖς
693 891 759 958 σαῖς
781 884 967 967 ὑπουργίαις.
1012 885 1108 968 ὥσπερ
1131 885 1188 967 γὰρ

172 979 246 1062 ἡμῖν
278 981 330 1044 τὸν
362 988 444 1044 σῖτον
476 980 528 1044 τὸν
559 981 674 1044 ἐκεῖθεν
701 983 944 1064 προσρίπτοντες,
975 983 1070 1055 οὕτως
1097 979 1188 1044 οὐδέν

172 1077 271 1162 ἕτερον
302 1078 409 1160 ἠξίουν
441 1077 602 1161 εἰσφέρειν,
634 1073 696 1140 ἀλλ’
732 1079 763 1142 οί
788 1076 842 1160 μὲν
869 1084 1017 1153 συντελεῖς
1044 1081 1186 1155 καθάπαξ

132 1217 134 1220 -
173 1177 354 1260 ἰσχυρίζοντο
377 1177 474 1238 πάντα
496 1176 539 1250 εἰς
558 1173 719 1258 ὀλόκληρον
737 1174 937 1256 ἀπαιτεῖσθαι,
960 1177 989 1238 οῖ
1007 1173 1187 1260 παγάρχαιέ)

171 1391 253 1433 cura.
289 1373 356 1432 Iam
374 1376 536 1449 postquam
555 1371 766 1450 intelleximus,
790 1372 871 1448 quod
889 1371 1093 1449 superioribus
1112 1375 1187 1432 tem-

156 1470 305 1549 poribus,
328 1471 401 1530 lieet
423 1471 538 1530 ceterae
561 1469 752 1546 publicorum
775 1471 943 1530 exactiones
967 1469 1187 1546 quodammodo

172 1567 329 1628 ordinatae
353 1585 416 1627 esse
434 1565 623 1645 videbantur,
647 1569 781 1626 attamen
800 1567 832 1625 in
851 1567 1039 1646 Aegyptiace
1057 1567 1186 1628 dioecesi

173 1683 222 1725 res
253 1665 298 1724 ita
330 1667 396 1724 erat
426 1665 564 1743 confusa,
596 1668 634 1723 ut
662 1684 758 1740 neque
790 1665 839 1724 hic
866 1665 947 1741 quod
973 1665 1005 1723 in
1028 1683 1063 1724 eo
1086 1666 1188 1725 tactu

173 1765 314 1840 ageretur
340 1765 448 1823 notum
475 1764 554 1820 esset
577 1809 583 1821 .
603 1808 609 1821 .
630 1810 636 1820 .
660 1764 691 1822 et
717 1763 820 1821 mirati
848 1780 952 1820 sumus
980 1762 1044 1821 eius
1071 1762 1115 1822 rei
1142 1762 1187 1820 in-

170 1860 346 1920 ordinatum
372 1860 519 1918 hactenus
547 1861 673 1936 statum3
703 1859 783 1918 enim
809 1878 880 1919 vero
903 1859 986 1918 Deus
1013 1859 1105 1919 etism
1130 1859 1188 1920 hoo

171 1956 358 2032 temporibus
399 1955 510 2014 nostris
551 1957 665 2031 tuoque
705 1956 871 2016 ministerio
913 1957 1025 2016 servari
1064 1957 1188 2016 adnuit!

171 2053 252 2112 Nam
280 2053 359 2112 sicut
385 2053 572 2111 frumentum
598 2052 667 2111 inde
694 2052 780 2112 nobis
806 2053 894 2129 quasi
916 2053 1115 2131 pruriebant,
1143 2053 1189 2113 ita

172 2150 249 2212 nihil
268 2150 352 2208 aliud
370 2149 559 2210 contribuere
577 2148 793 2227 dignabantur:
816 2151 868 2210 sed
887 2151 1045 2211 collatores
1065 2150 1188 2227 quidem

173 2247 274 2307 omnia
296 2248 382 2323 plene
407 2265 425 2306 a
448 2266 479 2307 se
503 2247 582 2326 exigi
605 2247 696 2306 simul
719 2266 821 2308 omnes
844 2247 1048 2326 affirmabant,
1077 2267 1186 2326 pagar-

244 2438 270 2493 3l
295 2435 339 2488 ed
361 2453 387 2490 v
411 2432 603 2525 συγκεχυμένα
626 2433 813 2504 subintellege
837 2451 870 2488 ex
895 2433 1127 2489 antecedentibus
1150 2434 1187 2489 τὰ

171 2513 227 2560 τῶν
255 2507 396 2576 δμοοῖων
422 2505 484 2560 elon
486 2505 600 2576 ράξεων.
637 2504 702 2558 Mox
728 2507 839 2559 retenta
861 2503 983 2559 lectione
1009 2504 1114 2561 codicis
1137 2506 1188 2560 καὶ

172 2572 377 2658 ἐθαυμάσαμεν
393 2577 526 2631 lacunam
533 2579 609 2657 post
622 2575 811 2664 γινώσκεσθαι
826 2575 1007 2631 statuendam
1022 2592 1083 2631 esee
1097 2576 1187 2631 eredi-

172 2645 275 2701 derim.
299 2647 477 2701 desideratur
495 2645 570 2700 enim
590 2645 710 2700 alterum
728 2667 765 2717 μη
748 2644 812 2716 ηθέ,
830 2650 863 2702 ut
881 2645 1026 2716 complura
1048 2646 1187 2702 excidisse

170 2716 378 2870 ffiriialvibieesgib
385 2688 1187 2878 τεοῖο)εξέίἒῖάίάοάῗιθιοθῖοᾳξθοῗοωίῃέςίῖῃέῖὶάοπίέῖῖρξοθ

173 2857 301 2914 ductus
294 2875 324 2912 m
339 2857 486 2950 μαγάργαι
504 2859 672 2912 mutandum
690 2875 751 2914 esse
770 2859 924 2914 arbitratus
944 2876 1013 2915 sum
1071 2859 1187 2914 idebam

171 2929 345 3000 praeterea
337 2946 394 2982 ιο-
380 2930 482 3000 -άργης
498 2929 558 2985 fere
575 2947 658 2985 voees
677 2929 818 2985 efformari
836 2929 1077 2999 quotienscunque
1095 2930 1125 2984 id
1139 2930 1186 2985 oui

171 3000 380 3126 imperaturam
394 2999 588 3070 praepositum
597 3004 649 3069 eet,
663 3000 751 3056 velut
728 3001 942 3072 ῖιπατριαργης,
957 2999 1095 3082 ῖεράρχης,
1109 3005 1186 3083 ispe-

172 3072 286 3144 νάρχης,
306 3067 457 3142 ἐθνάρχης,
475 3071 632 3162 θηβάργης,
646 3071 814 3144 άλαβάρχης
844 3072 915 3127 Sunt
927 3073 1046 3127 temen
1038 3089 1068 3126 ιο
1082 3071 1187 3142 quibus

175 3144 323 3212 utrumque
348 3144 467 3197 tam-
490 3143 577 3234 άρχης
599 3160 741 3212 quam-
765 3162 850 3213 αργος
872 3143 983 3212 graecis
1001 3143 1187 3213 scriptoribus

173 3213 294 3283 placuit,
314 3213 403 3267 veluti
421 3214 631 3285 γυμνασιάρχης
649 3216 678 3268 et
712 3215 913 3296 υμνασίαρχος,
933 3211 1075 3284 ἱππάρχης
1093 3217 1122 3269 et
1140 3215 1188 3268 a·

172 3303 288 3390 παρχος,
303 3283 450 3377 νομάρχης
464 3287 494 3341 et
506 3286 659 3356 κώμαρχος.
722 3302 734 3338 e
748 3284 822 3340 forte
836 3285 1025 3340 accensendus
1040 3288 1084 3340 eet
1098 3283 1188 3339 etiam

172 3359 237 3409 nos
228 3373 270 3410 er
291 3356 449 3428 παγάρχης,
477 3373 561 3441 quem
585 3357 753 3412 documenta
774 3372 946 3426 papyraceo,
970 3358 1003 3410 nt
1025 3371 1070 3410 me
1088 3354 1132 3410 vir
1149 3355 1187 3412 cl

173 3426 332 3482 Wilcken
350 3428 454 3497 docuit,
474 3445 556 3498 quaer
547 3428 733 3483 constanter
747 3426 844 3483 dativo
859 3444 926 3482 casu
939 3425 1075 3500 παγάρχῳ
1089 3431 1116 3496 (a
1130 3426 1188 3481 πά·
