2654 3922
586 200 782 266 ,6.-

178 365 210 423 in
240 365 336 424 altera
365 365 420 424 illa
447 363 608 424 indictione
636 364 655 422 i.
679 384 702 423 e.
733 383 810 424 anno
839 365 903 424 554
933 363 1031 440 legem
1059 364 1196 422 nostram

180 461 286 521 tulisse
310 462 342 520 in
365 462 466 538 aprico
490 463 542 520 est.
581 460 674 521 Cuius
694 461 837 538 temporis
856 463 887 520 et
905 459 967 520 alia
984 458 1095 520 indicia
1114 463 1194 518 sunt.

179 560 294 619 Eodem
322 578 399 619 anno
427 559 584 619 notissima
611 559 665 618 illa
692 559 881 637 pragmatica
903 557 1018 618 sanctio
1043 557 1078 616 de
1101 557 1195 617 refor-

179 657 290 717 manda
312 656 403 715 Italia
431 657 503 716 data
530 659 588 735 est,
617 657 699 733 quod
722 655 897 733 imperatori
919 654 1135 733 cogitationem
1157 654 1195 714 de

179 754 369 813 reformanda
385 753 524 833 Aegypto
544 755 737 832 suppeditare
755 753 864 830 potnit.
900 754 988 813 Teste
1002 771 1066 829 cap.
1081 752 1097 810 I
1115 749 1135 828 ξ
1152 755 1194 814 14

178 850 270 910 istam
300 851 494 912 indictionem
526 853 688 913 secundam
717 851 873 928 praeterIti
900 849 1005 911 circuli
1031 849 1195 926 praecessit

179 950 249 1006 ante
286 948 455 1024 quindecim
486 968 580 1011 annos
612 949 833 1010 administratio
866 947 1011 1027 Strategii
1041 947 1194 1026 gloriosis-

179 1044 260 1123 simi,
293 1046 345 1121 qui
376 1047 490 1106 scilicet
522 1047 608 1107 annis
642 1050 704 1109 536
739 1048 770 1106 11
802 1048 864 1107 537
897 1044 1002 1106 Comes
1033 1045 1195 1106 Sacrorum

177 1141 388 1220 Largitionum
415 1144 488 1222 11111,
516 1145 606 1204 sicuti
633 1144 789 1223 colligitur
811 1163 846 1204 ex
868 1143 944 1203 Nov.
967 1142 1096 1202 XLVIII
1118 1134 1193 1224 (22)

177 1238 274 1298 XLIX
298 1232 393 1322 (136)
417 1244 448 1300 et
470 1241 593 1302 LXXXI
617 1234 720 1322 (105).
767 1240 977 1319 Cogitaveram
1004 1240 1074 1300 olim
1099 1239 1192 1314 indic·

178 1336 292 1397 tionem
319 1339 480 1398 secundam
503 1357 581 1415 quae
605 1341 675 1398 11111
697 1337 754 1396 XV
776 1356 870 1398 annos
893 1338 987 1398 fuerit
1009 1337 1137 1398 incidere
1160 1337 1193 1396 in

179 1434 315 1509 tempora
337 1433 492 1496 Anastasii
514 1436 533 1495 i.
558 1455 581 1495 e.
610 1436 641 1494 in
667 1455 780 1496 annum
804 1437 987 1513 saa—524,
1010 1437 1046 1494 ut
1068 1434 1192 1512 proinde

178 1529 366 1591 Iustinianus
407 1532 559 1609 scripserit
595 1553 673 1594 anno
711 1536 911 1611 538—539,
952 1552 1013 1609 quo
1049 1535 1191 1609 tempore.

178 1627 305 1689 Ioannes
320 1629 482 1707 Cappadox
495 1632 668 1692 Praefectus
682 1631 838 1692 Praetorio
853 1629 984 1691 01111111
1002 1630 1070 1690 fuit.
1100 1629 1190 1689 Vide·

177 1725 269 1786 betur
290 1728 322 1786 id
344 1729 531 1806 comprobari
554 1749 589 1790 eo
613 1730 694 1806 quod
716 1729 871 1806 inscriptio
894 1728 927 1786 in
947 1727 1055 1788 Codice
1073 1727 1189 1788 Veneto

177 1823 275 1902 legem
298 1827 337 1885 ad
355 1826 499 1887 Ioannem
516 1825 593 1888 PPO
613 1828 716 1887 datam
734 1845 797 1887 esse
816 1826 941 1887 dicebat.
978 1826 1092 1885 Verum
1110 1825 1190 1884 enim

177 1939 248 1982 vero
263 1923 426 2000 imperator
443 1925 479 1984 de
492 1924 701 1985 Anastasianis
717 1924 902 2001 temporibus
915 1926 1062 2001 tanquam
1076 1923 1190 1982 dudum

178 2020 349 2095 praeteritis
363 2021 507 2100 loquItur,
521 2025 553 2082 et
565 2021 751 2101 Strategium
761 2021 907 2083 Comitem
917 2021 1076 2081 Sacramm
1084 2021 1189 2099 Largi-

178 2115 295 2175 tionum
318 2121 439 2193 praeter
459 2138 528 2178 eum
547 2120 600 2196 qui
618 2120 650 2179 in
668 2120 741 2180 locis
758 2119 847 2181 modo
866 2119 999 2179 laudatis
1017 2119 1191 2179 nominatur

178 2212 274 2271 alium
288 2215 437 2290 quendam
450 2217 543 2277 fuisse
557 2237 617 2278 non
631 2220 678 2277 est
689 2217 852 2294 probabile.
875 2217 991 2287 Quibus
1004 2215 1189 2294 argumentis

178 2309 218 2368 ad
245 2329 357 2371 aunum
381 2315 445 2374 554
474 2314 662 2394 ablegamur,
693 2317 724 2374 et
749 2316 806 2376 hoc
833 2317 953 2374 tantum
981 2313 1190 2391 explicandum

178 2410 237 2486 est,
269 2412 418 2487 quomodo
448 2413 497 2471 lex
524 2412 563 2471 ad
588 2412 732 2473 Ioannem
758 2409 834 2472 PPO
862 2412 935 2471 data
961 2411 1096 2487 potuerit
1122 2410 1188 2470 dici.

175 2504 243 2564 lam
266 2507 392 2568 coniciet
415 2509 526 2585 aliquis
549 2529 609 2569 non
631 2509 776 2569 Ioannem
796 2507 1004 2584 Cappadocem
1025 2508 1191 2568 sedaliam

177 2604 328 2678 quendam
341 2606 485 2666 Ioannem
503 2606 640 2682 alioquin
658 2606 846 2683 incognitum
859 2606 1024 2684 indigitari,
1044 2606 1097 2682 qui
1111 2624 1189 2665 anno

178 2701 243 2760 554
275 2701 354 2760 inter
379 2702 583 2763 Arcobindum
612 2721 691 2762 anno
720 2704 783 2764 553
811 2705 842 2762 et
868 2702 992 2764 Petrum
1019 2722 1097 2763 anno
1126 2705 1188 2764 555

176 2796 351 2858 Praefectus
370 2799 523 2860 Praetorio
543 2799 674 2861 Orientis
697 2799 802 2859 luerit:
825 2803 931 2874 macte,
954 2800 1004 2860 cui
1025 2801 1099 2861 baec
1122 2820 1192 2862 con·

177 2893 293 2954 iectura
311 2897 472 2972 placuerit!
505 2897 563 2958 Sed
580 2899 676 2975 possis
692 2898 785 2958 etiam
799 2897 1024 2974 inscriptionem
1036 2898 1068 2956 iu
1083 2897 1190 2959 Codice

177 2991 294 3053 Veneto
308 2994 471 3054 exhibitam
486 3015 541 3071 pro
555 3015 678 3056 erronea
692 2995 809 3072 habere,
823 2997 929 3072 utpote
939 2995 1190 3073 serioretempore

176 3108 197 3150 a
226 3090 350 3152 librario
380 3092 477 3152 inrita
506 3092 641 3154 Minerva
671 3093 876 3170 compositam.
922 3093 1037 3170 Nempe
1069 3112 1191 3169 operam

177 3186 243 3246 eius
270 3188 369 3249 minus
397 3190 546 3250 eruditam
571 3191 673 3269 prodit
700 3191 820 3251 rubrica
846 3188 913 3271 περὶ
935 3197 994 3250 τῶν
1018 3182 1095 3272 (sive
1122 3184 1189 3273 τῆς)

172 3271 388 3366 Ἀλεξανδρέων
410 3285 542 3350 καὶτῶν
560 3289 772 3370 Ar’aejcmccso‘rv
794 3285 951 3369 ἐπαρχιῶν,
974 3307 1052 3365 quae
1070 3288 1190 3349 rubrica

175 3383 271 3458 capiti
297 3386 393 3461 primo
422 3387 544 3465 quidem
571 3391 644 3466 apta
672 3390 730 3466 est,
758 3386 916 3448 universae
943 3385 1004 3465 legi
1027 3406 1087 3447 non
1109 3386 1190 3446 item.
