2654 3922
573 214 793 277 -22-

176 376 263 438 πόλιν
285 375 334 438 καί
358 376 494 458 βασιλίδα
516 375 574 457 πρὸ
597 373 721 455 πέρατος
744 384 796 436 τοῦ
819 374 986 456 αἰγούστου
1010 369 1115 453 μηνὸς,
1137 369 1191 431 τὸν

177 472 209 535 δὲ
244 485 296 536 τοῦ
324 474 472 556 τροφίμου
499 482 551 535 τοῦ
578 469 648 554 παρ’
678 469 764 552 ἡμῶν
791 468 1039 552 φιλοτιμουμένου
1068 469 1117 531 διά
1139 477 1194 529 τοῦ

180 572 375 654 σεπτεμβρίον
398 570 439 650 μὴ
457 570 629 650 εἰσκομίσειε
647 580 681 655 τῇ
700 579 760 630 τῶν
774 565 986 650 Ἀλεξανδρέων
1003 567 1096 647 πόλει,
1123 565 1194 628 ἴστω

178 668 219 743 ὡς
241 669 316 730 κατὰ
338 677 427 750 τριῶν
450 661 632 751 άρτάβωνίῧ)
655 665 731 749 ὑπὲρ
753 665 878 730 ἕκάστου
899 667 1079 746 νομίσματος
1102 662 1192 724 άπαι-

177 766 337 845 τηθησεται
360 765 439 847 παρὰ
462 775 515 827 τοῦ
539 775 594 827 σοῦ
617 764 733 846 θρόνου
755 763 789 826 τὸ
812 769 915 826 λεῖπον
936 761 958 843 ἢ
980 772 1015 848 τῇ
1038 761 1148 846 ἐμβολῇ
1171 757 1193 839 ἢ

177 869 217 947 τῷ
245 865 393 950 τροφίμῳ,
420 863 495 924 κατὰ
522 862 554 924 τὸ
577 862 607 936 ἐξ
631 860 768 944 ἑκατέρας
790 862 946 944 Αἰγύπτου
968 859 1192 942 εἰσφερόμενον·

177 960 266 1033 αὐτός
298 984 327 1022 τε
359 959 375 1022 ὁ
404 959 501 1043 άρχοον
528 959 579 1022 καί
606 961 724 1040 ἰδιώτης
751 959 924 1041 γενόμενος,
956 957 1136 1040 κληρονόμοι
1162 977 1193 1016 τε

176 1058 269 1121 αὐτοῦ
296 1058 346 1120 καλ
374 1059 521 1139 διάδοχοι,
554 1057 604 1119 καλ
631 1057 666 1118 τὰ
693 1056 786 1119 αὐτοῦ
817 1058 971 1138 πράγματα
994 1050 1058 1117 κατ’
1084 1051 1194 1116 οὐδένα

176 1156 285 1238 τρόπον
300 1155 553 1238 ’ἐλευθερούμενκ
577 1154 632 1228 ἕως
654 1155 735 1216 άπαν
758 1155 790 1216 τὸ
814 1155 955 1216 ἐντεῦθεν
979 1150 1101 1233 ὄφλημα
1118 1149 1193 1213 κατὰ

177 1264 266 1335 τριῶν
289 1252 426 1336 άρτάβτον
449 1245 718 1337 άποτιμάμινονίθ)
737 1245 986 1335 εἰσκομισθείηίτ)
1006 1257 1070 1324 ταῖς
1088 1246 1193 1331 τραπέ-

176 1353 239 1423 ζαις
265 1357 330 1424 ταῖς
358 1358 431 1424 σαῖς.
477 1349 549 1412 ἀλλὰ
575 1349 717 1431 προσήκει
744 1351 861 1423 πάντως
889 1348 980 1411 αὐτὸν
1006 1348 1057 1410 καλ
1085 1347 1140 1426 τὴν
1162 1344 1191 1420 ἐξ

176 1447 315 1529 ἑκατέρας
328 1449 484 1529 Αἰγύπτου
503 1441 709 1531 πληναρίαν*)
723 1449 830 1527 πρᾶξαι
844 1447 919 1509 κατὰ
932 1447 1002 1520 τοὺς
1017 1443 1192 1527 εἰρημένους

175 1569 307 1628 καιρους.

167 1781 311 1894 Ἀυρυοίἰ
335 1814 472 1874 adhunc
496 1813 607 1871 almam
630 1815 661 1871 et
682 1812 798 1891 regiam
821 1811 927 1871 urbem
949 1812 1078 1872 navibus
1101 1812 1192 1890 dirigi

176 1934 237 1973 non
269 1909 432 1987 curaverit,
465 1929 532 1968 eam
563 1929 633 1969 vero
665 1912 782 1985 partem
815 1928 893 1985 quae
923 1929 940 1969 a
968 1909 1054 1969 nobis
1081 1910 1112 1970 in
1137 1911 1192 1969 ali-

176 2011 309 2070 moniam
332 2008 444 2067 donata
468 2009 514 2065 est
536 2025 635 2065 mense
655 2006 823 2082 Septembri
845 2027 905 2067 non
928 2007 1137 2084 importaverit
1159 2008 1192 2066 in

167 2093 448 2167 'Alexandrinorum
475 2103 593 2181 urbem,
622 2103 697 2163 sciat
719 2104 783 2163 fore
806 2108 842 2163 ut
865 2125 919 2180 per
945 2108 1047 2165 ternas
1070 2107 1191 2166 artabas

176 2226 230 2282 pro
268 2202 395 2282 singuiis
433 2200 531 2260 aureis
568 2201 791 2276 computatione
829 2203 967 2261 facienda
1002 2204 1142 2282 exigatur
1174 2223 1192 2263 a

175 2304 283 2363 throno
307 2305 361 2360 tuo
386 2298 467 2376 quod
489 2299 573 2359 deest
596 2299 657 2359 sive
681 2298 814 2358 embolae
838 2299 900 2359 sive
924 2300 1093 2380 alimoniae,
1118 2320 1192 2378 qua-

175 2405 264 2460 tenus
297 2419 333 2459 ex
365 2401 495 2474 utraque
518 2398 658 2476 Aegypto
687 2397 785 2456 illatio
813 2397 951 2457 facienda
979 2402 1037 2475 est,
1070 2402 1100 2458 et
1127 2401 1191 2476 ipse

176 2499 354 2575 praefectus,
379 2495 436 2556 etsi
456 2495 594 2571 privatus
612 2496 711 2554 factus
731 2495 778 2572 sit,
804 2498 834 2554 et
851 2495 973 2555 heredes
992 2496 1057 2555 eius
1076 2499 1107 2555 et
1125 2516 1191 2557 suc-

175 2614 305 2657 cessores
324 2596 355 2654 et
372 2594 451 2652 bona
469 2591 565 2667 ipsius
584 2593 668 2651 nullo
687 2591 775 2652 modo
794 2591 968 2672 liberantur,
993 2593 1085 2654 donec
1105 2595 1191 2670 quid-

177 2693 250 2770 quid
281 2692 349 2750 inde
382 2689 508 2748 debetur
540 2687 579 2747 ad
609 2691 670 2748 tres
703 2689 824 2749 artabas
857 2690 1051 2749 aestimatum
1081 2695 1191 2754 mensis

176 2791 239 2850 tuis
271 2789 393 2847 illatum
425 2786 472 2844 sit.
520 2784 659 2845 Ceterum
691 2790 811 2862 oportet
843 2807 912 2846 eum
944 2787 1065 2848 omnino
1099 2792 1192 2851 etiam

178 2886 346 2964 plenariam
375 2903 412 2944 ex
437 2886 567 2960 utraque
591 2884 731 2962 Aegypto
760 2884 847 2944 dictis
875 2885 1060 2961 temporibus
1084 2888 1191 2949 facere.

247 3147 292 3212 45)
310 3142 355 3196 Ita
374 3141 468 3197 Codex
486 3143 647 3197 constanter
666 3144 813 3199 accentum
831 3141 920 3212 ponit.
949 3141 1042 3211 Vulgo
1058 3143 1192 3202 scribitur

175 3217 306 3341 &prugum
341 3212 377 3267 ab
410 3212 518 3282 ἀρτάβη
551 3215 685 3281 quattuor
717 3212 830 3268 circiter
861 3212 1019 3268 modiorum
1050 3230 1191 3273 mensura.

176 3291 221 3357 46)
263 3287 307 3340 od.
325 3284 554 3354 άποτιμοομένων.
626 3286 671 3354 47)
691 3284 758 3339 eod.
777 3282 950 3354 είσκομίσειε.
1018 3285 1193 3356 ἢΜερικὰς

176 3358 336 3424 ἀποδείξεις
363 3354 498 3412 exhibent
526 3372 644 3423 quorum
671 3355 797 3426 periculo
825 3355 1012 3425 particulares
1036 3354 1191 3414 solutiones

177 3430 235 3483 sive
259 3428 330 3482 liunt
349 3425 407 3480 sive
427 3426 613 3497 accipiuntur:
637 3428 795 3497 πληναρίας
813 3442 931 3495 quorum
948 3427 1073 3496 periculo
1097 3433 1193 3485 estut

176 3499 301 3554 universi
319 3495 411 3550 debiti
430 3514 538 3554 summa
557 3497 616 3554 sive
634 3498 772 3553 inferatur
791 3496 850 3551 sive
869 3497 1033 3568 accipiatur.
