2654 3922
588 183 806 248 „32-

191 364 308 421 σαντες·
336 346 483 422 ἐνίξονται
511 345 567 428 μάρ
591 344 675 408 αὐτοὶ
697 344 749 406 καί
770 343 949 426 κληρονόμοι
971 349 1035 415 ταῖς
1058 343 1212 416 τοιαύταις

193 445 365 524 ἀπαιτήσεσι
396 444 447 506 καὶ
478 444 513 505 τά
545 443 643 507 αὐτῶν
674 444 841 525 πράγματα,
877 441 949 504 ὥστε
981 440 1117 526 εὐλαβείᾳ
1148 448 1211 502 τῶν

192 553 308 606 ποινῶν
327 536 456 626 μηδὲνδ)
476 540 697 622 ἀμαρτάνεσθαι
715 549 860 620 τοιοῦτον,
879 538 952 620 μηδὲ
967 538 1139 620 διαφεύγειν
1154 538 1211 619 τὴν

193 640 303 720 ποινὴν
326 638 409 722 ἀχρις
431 639 469 702 ἀν
492 639 525 701 τὸ
547 649 608 701 πᾶν
631 637 751 718 όφλημα
775 638 941 716 διαλυθείη.
977 637 1005 700 εί
1027 635 1060 698 δέ
1082 661 1126 710 τις
1148 636 1208 715 [τὸ]

193 737 375 818 ἀναγόμενον
403 736 540 817 ἀφέλοιτο
563 737 723 817 πρόσωπον
746 735 859 798 ἐκτῶν
882 733 974 816 ἀμίαν
996 729 1211 816 περιβόλοινῗῢ)
1311 801 1312 822 χ

192 832 213 913 ἀρ
236 835 334 897 τόπων
356 832 377 914 ἢ
399 834 450 897 καί
471 833 609 915 ἐμποδὼν
632 843 668 918 τῇ
687 832 841 912 ἀπαιτήσει
858 832 948 912 ἔσται,
971 833 1020 893 δεῖ
1032 831 1083 894 καί
1101 842 1210 896 τοῦτον

193 929 303 1012 ὁμοίως
329 926 487 1014 παντὸςῗί)
517 925 609 1013 οὗπερ
637 928 653 992 ό
681 929 857 1012 ἀφαιρεθείς
883 929 1060 1002 ὑπεύθυνος
1086 928 1210 1011 μέμονεν

192 1027 296 1110 ἔνοχον
324 1023 414 1110 εἶναι,
441 1028 491 1090 καὶ
518 1028 708 1090 ἀπαιτεῖσθαι
735 1028 791 1090 σὺν
818 1026 1015 1107 κληρονόμοις
1043 1027 1131 1100 ίδίοις
1158 1026 1211 1088 καὶ
1311 1029 1312 1042 ’

194 1127 343 1208 διαδόχοις
361 1125 411 1189 καί
429 1133 491 1200 τοῖς
510 1126 602 1190 αὐτοῦ
620 1127 797 1208 πράγμασιν.
834 1120 897 1185 ἀλλ’
912 1125 1023 1196 αιἰτοὺς
1041 1123 1081 1198 ὡς
1095 1125 1211 1206 εἴρηται
1311 1139 1312 1148 ’

193 1225 263 1297 τοὺς
286 1223 335 1286 καὶ
358 1224 410 1286 τόν
433 1225 530 1285 πάντα
552 1224 698 1286 κίνδυνον
721 1221 840 1303 ἔχοντας
858 1221 907 1284 ἐπί
924 1223 1017 1307 τούτῳ
1036 1215 1150 1304 (φαμὲν
1170 1221 1209 1300 δὴ
1311 1283 1312 1310 χ

193 1322 263 1393 τοὺς
291 1321 465 1399 τρακτεοτάς
493 1319 543 1382 καλ
570 1316 786 1401 σκρινιαρίονς)
815 1319 926 1392 αὐτοὺς
952 1318 1004 1380 καὶ
1030 1318 1086 1398 τὴν
1108 1328 1209 1381 πᾶσαν
1311 1311 1312 1334 ¹

194 1416 333 1491 ἐξουσίαν
355 1417 406 1478 καὶ
427 1416 483 1495 τὴν
507 1417 654 1495 διοίκησιν
676 1427 729 1479 τοῦ
748 1416 917 1497 πράχματος
935 1414 1020 1497 ἔχειν,
1042 1415 1094 1478 καί
1111 1417 1209 1478 πάντα
1311 1435 1312 1500 ζ

192 1513 245 1575 τόν
267 1513 381 1576 κανόνα
404 1521 468 1587 ταῖς
490 1513 645 1596 τραπέζαις
665 1519 730 1587 ταῖς
749 1519 815 1586 σαῖς
832 1513 865 1574 ἐκ
883 1523 942 1574 τῶν
961 1513 1123 1596 εἰρημένων
1143 1515 1209 1576 δια-

190 1609 322 1692 φέροντα
343 1611 457 1674 πόλεών
480 1635 509 1674 τε
532 1611 582 1674 καλ
603 1611 750 1694 ἐπαρχιῶν
772 1609 823 1672 καλ
844 1610 943 1674 τόπων
961 1609 1124 1691 ἐκπέμπειν
1143 1617 1208 1684 ταῖς

191 1862 286 1922 etiam
308 1862 455 1921 defuncti:
479 1862 663 1921 tenebuntur
685 1861 765 1919 enim
782 1860 842 1937 ipsi
859 1861 1041 1936 heredesque
1060 1861 1208 1921 eiusmodi

192 1957 399 2018 exactionibus
430 1962 461 2016 et
482 1976 530 2017 res
553 1977 668 2034 eorum,
696 1961 733 2016 ut
754 1977 919 2033 poenarum
941 1960 1025 2016 metu
1047 1957 1124 2016 nihil
1145 1959 1207 2018 tale

190 2055 399 2115 committatur
426 2074 481 2114 nec
510 2073 639 2130 poenam
662 2054 809 2132 effugiant
831 2055 924 2115 donec
947 2055 1082 2114 debitum
1106 2058 1208 2115 totum

191 2152 381 2228 persolutum
409 2152 456 2210 sit.
508 2151 540 2209 Si
568 2151 636 2228 quis
663 2171 734 2212 vero
761 2170 919 2227 personam
945 2171 1029 2212 ream
1055 2172 1071 2212 e
1095 2153 1207 2212 sanctis

193 2249 287 2325 septis
319 2249 368 2309 vel
400 2248 473 2308 locis
502 2248 680 2308 abstraxerit
707 2250 762 2308 aut
789 2249 881 2308 etiam
908 2250 1057 2310 exactioni
1083 2250 1208 2326 impedi·

192 2348 294 2406 mento
327 2347 379 2426 sit,
414 2349 532 2424 oportet
564 2349 595 2406 et
625 2348 705 2406 hunc
737 2346 876 2405 similiter
901 2347 933 2404 in
961 2367 1047 2408 omne
1070 2348 1103 2406 in
1126 2348 1208 2424 quod
1311 2381 1312 2406 ι

191 2447 347 2520 exemptus
365 2444 525 2504 tenebatur
544 2443 721 2504 obstrictum
745 2446 776 2503 et
794 2444 942 2504 exactioni
960 2464 1030 2504 cum
1047 2445 1206 2505 heredibus

191 2542 255 2600 suis
287 2544 317 2600 et
349 2540 567 2602 successoribus
596 2543 627 2598 et
654 2540 744 2599 rebus
771 2541 835 2600 suis
863 2541 1024 2601 obnoxium
1047 2560 1123 2602 esse:
1156 2563 1206 2604 eos
1311 2535 1312 2574 3

192 2658 263 2698 vero
295 2642 332 2696 nt
363 2638 478 2698 dictum
509 2640 556 2696 est
587 2637 641 2712 qui
668 2657 755 2697 omne
782 2637 951 2714 periculum
979 2657 1068 2716 super
1094 2641 1151 2700 hac
1173 2661 1205 2700 re
1311 2620 1312 2656 ³

191 2735 336 2812 subeunt,
367 2737 546 2794 tractatores
574 2734 700 2794 dicimus
728 2737 759 2794 et
787 2736 969 2814 scriniarios
1002 2737 1083 2812 ipsos
1113 2737 1206 2797 etiam

193 2850 311 2892 omnem
343 2834 524 2907 potestatem
552 2833 583 2890 et
610 2832 795 2891 curationem
821 2833 866 2892 rei
892 2832 1013 2912 habere,
1045 2836 1205 2912 totumque

191 2947 336 2988 canonem
364 2928 417 3004 qui
443 2929 553 2988 mensis
580 2929 642 2987 tuis
670 2949 706 2988 ex
732 2929 820 2989 dictis
847 2929 972 2989 urbibus
1000 2933 1032 2990 et
1058 2932 1204 3008 eparchiis
1311 2973 1312 2978 ι

192 3028 222 3085 et
254 3026 326 3086 locis
359 3027 502 3103 competit
533 3026 737 3088 transmittere
765 3027 875 3085 mensis
902 3028 1095 3088 excellentiae
1123 3031 1203 3107 tuae,

262 3258 289 3324 *)
307 3256 390 3312 Forte
409 3253 526 3326 μηδένα.
586 3258 630 3324 76)
649 3255 716 3310 Ood.
735 3264 790 3310 τῶν
810 3257 902 3312 αὐτῶν
920 3256 1037 3312 πόλεων.
1076 3257 1131 3312 Sed
1149 3266 1203 3312 τῶν

192 3327 302 3382 αὐτῶν
331 3326 439 3382 πόλεων
467 3343 524 3381 non
546 3326 634 3381 habet
656 3342 712 3396 quo
734 3326 873 3382 referatur
895 3343 947 3382 nec
970 3327 1087 3382 retineri
1108 3330 1204 3397 potest
1311 3363 1312 3406 l

190 3400 306 3468 propter
328 3397 421 3453 τόπων
439 3397 517 3466 quod
535 3399 673 3466 sequitur:
697 3414 764 3452 nam
783 3399 816 3461 de
835 3397 881 3452 hie
900 3415 986 3468 supra
1003 3398 1076 3454 nihil
1095 3399 1203 3454 dictum

191 3471 243 3524 est.
312 3470 356 3537 77)
376 3467 443 3523 cod.
462 3466 581 3532 πάντας.
