<?xml version="1.0" encoding="UTF-8"?>
<!DOCTYPE html PUBLIC "-//W3C//DTD XHTML 1.0 Transitional//EN"
    "http://www.w3.org/TR/xhtml1/DTD/xhtml1-transitional.dtd">
<html xmlns="http://www.w3.org/1999/xhtml" xml:lang="en" lang="en">
 <head>
  <title>
</title>
<meta http-equiv="Content-Type" content="text/html;charset=utf-8" />
  <meta name='ocr-system' content='tesseract 3.04.00' />
  <meta name='ocr-capabilities' content='ocr_page ocr_carea ocr_par ocr_line ocrx_word'/>
</head>
<body>
  <div class='ocr_page' id='page_1' title='image "./appendixadediti00linggoog_0116.png"; bbox 0 0 2654 3922; ppageno 0'>
   <div class='ocr_carea' id='block_1_1' title="bbox 539 188 793 277">
    <p class='ocr_par' dir='ltr' id='par_1_1' title="bbox 539 188 793 277">
     <span class='ocr_line' id='line_1_1' title="bbox 539 188 793 277; baseline 0.008 -25"><span class='ocrx_word' id='word_1_1' title='bbox 539 188 793 277; x_wconf 47' lang='grc' dir='ltr'>-ιι--γ</span> 
     </span>
    </p>
   </div>
   <div class='ocr_carea' id='block_1_2' title="bbox 142 350 1155 533">
    <p class='ocr_par' dir='ltr' id='par_1_2' title="bbox 142 350 1155 533">
     <span class='ocr_line' id='line_1_2' title="bbox 142 350 1155 436; baseline -0.002 -22"><span class='ocrx_word' id='word_1_2' title='bbox 142 353 282 434; x_wconf 78' lang='grc' dir='ltr'><em>πράξοιεν</em></span> <span class='ocrx_word' id='word_1_3' title='bbox 300 353 381 436; x_wconf 80' lang='grc' dir='ltr'>παρὰ</span> <span class='ocrx_word' id='word_1_4' title='bbox 398 352 521 435; x_wconf 74' lang='grc' dir='ltr'><em>γνώμην</em></span> <span class='ocrx_word' id='word_1_5' title='bbox 539 363 591 415; x_wconf 82' lang='grc' dir='ltr'>τοῦ</span> <span class='ocrx_word' id='word_1_6' title='bbox 611 353 709 414; x_wconf 83' lang='grc' dir='ltr'><em>αὐτῶν</em></span> <span class='ocrx_word' id='word_1_7' title='bbox 722 351 895 432; x_wconf 81' lang='grc' dir='ltr'>ἐπισκόπου,</span> <span class='ocrx_word' id='word_1_8' title='bbox 913 351 1031 426; x_wconf 77' lang='grc' dir='ltr'><em>πάντως</em></span> <span class='ocrx_word' id='word_1_9' title='bbox 1045 350 1155 424; x_wconf 83' lang='grc' dir='ltr'><em>αὐτοὺς</em></span> 
     </span>
     <span class='ocr_line' id='line_1_3' title="bbox 142 443 1155 533; baseline -0.003 -21"><span class='ocrx_word' id='word_1_10' title='bbox 142 449 191 512; x_wconf 85' lang='grc' dir='ltr'>καὶ</span> <span class='ocrx_word' id='word_1_11' title='bbox 227 449 436 513; x_wconf 79' lang='grc' dir='ltr'><em>ἀποκινεῖσθοιι</em></span> <span class='ocrx_word' id='word_1_12' title='bbox 466 459 526 512; x_wconf 81' lang='grc' dir='ltr'>τῶν</span> <span class='ocrx_word' id='word_1_13' title='bbox 561 450 787 533; x_wconf 80' lang='grc' dir='ltr'><em>φροντισμάιων</em></span> <span class='ocrx_word' id='word_1_14' title='bbox 818 443 861 512; x_wconf 82' lang='grc' dir='ltr'>ὧν</span> <span class='ocrx_word' id='word_1_15' title='bbox 892 448 991 531; x_wconf 73' lang='grc' dir='ltr'><em>ἔχουσι</em></span> <span class='ocrx_word' id='word_1_16' title='bbox 1022 448 1072 510; x_wconf 77' lang='grc' dir='ltr'>καὶ</span> <span class='ocrx_word' id='word_1_17' title='bbox 1102 458 1155 528; x_wconf 75' lang='grc' dir='ltr'>τῆς</span> 
     </span>
    </p>
   </div>
   <div class='ocr_carea' id='block_1_3' title="bbox 142 544 1320 632">
    <p class='ocr_par' dir='ltr' id='par_1_3' title="bbox 142 544 1320 632">
     <span class='ocr_line' id='line_1_4' title="bbox 142 544 1320 632; baseline -0.002 -22"><span class='ocrx_word' id='word_1_18' title='bbox 142 548 303 630; x_wconf 81' lang='grc' dir='ltr'><em>ἱερωσύνης</em></span> <span class='ocrx_word' id='word_1_19' title='bbox 326 547 528 632; x_wconf 73' lang='grc' dir='ltr'><em>ἐκβάλλεσθαι.</em></span> <span class='ocrx_word' id='word_1_20' title='bbox 564 550 592 612; x_wconf 82' lang='grc' dir='ltr'>εἰ</span> <span class='ocrx_word' id='word_1_21' title='bbox 614 547 646 611; x_wconf 77' lang='grc' dir='ltr'>δὲ</span> <span class='ocrx_word' id='word_1_22' title='bbox 668 546 767 630; x_wconf 69' lang='grc' dir='ltr'><em>ἅρχων</em></span> <span class='ocrx_word' id='word_1_23' title='bbox 789 547 869 631; x_wconf 87' lang='grc' dir='ltr'>παρὰ</span> <span class='ocrx_word' id='word_1_24' title='bbox 887 547 922 609; x_wconf 80' lang='grc' dir='ltr'>τὰ</span> <span class='ocrx_word' id='word_1_25' title='bbox 941 544 1155 630; x_wconf 73' lang='grc' dir='ltr'><em>διηγορευμένον</em></span> <span class='ocrx_word' id='word_1_26' title='bbox 1251 544 1254 549; x_wconf 65' lang='grc'><strong>’</strong></span> <span class='ocrx_word' id='word_1_27' title='bbox 1319 599 1320 628; x_wconf 42' lang='grc' dir='ltr'><em>η</em></span> 
     </span>
    </p>
   </div>
   <div class='ocr_carea' id='block_1_4' title="bbox 142 644 1154 826">
    <p class='ocr_par' dir='ltr' id='par_1_4' title="bbox 142 644 1154 826">
     <span class='ocr_line' id='line_1_5' title="bbox 142 644 1154 728; baseline -0.002 -22"><span class='ocrx_word' id='word_1_28' title='bbox 142 647 209 726; x_wconf 79' lang='grc' dir='ltr'><em>δοίη</em></span> <span class='ocrx_word' id='word_1_29' title='bbox 232 645 290 708; x_wconf 79' lang='grc' dir='ltr'><em>τινὶ</em></span> <span class='ocrx_word' id='word_1_30' title='bbox 312 646 401 728; x_wconf 78' lang='grc' dir='ltr'><em>λόγον</em></span> <span class='ocrx_word' id='word_1_31' title='bbox 425 644 572 726; x_wconf 78' lang='grc' dir='ltr'><em>ὀφείλοντι</em></span> <span class='ocrx_word' id='word_1_32' title='bbox 596 645 723 726; x_wconf 80' lang='grc' dir='ltr'><em>δημόσια</em></span> <span class='ocrx_word' id='word_1_33' title='bbox 745 652 809 720; x_wconf 81' lang='grc' dir='ltr'><strong><em>ταῖς</em></strong></span> <span class='ocrx_word' id='word_1_34' title='bbox 834 644 984 728; x_wconf 73' lang='grc' dir='ltr'><strong><em>τραπέζαις</em></strong></span> <span class='ocrx_word' id='word_1_35' title='bbox 1006 652 1070 718; x_wconf 83' lang='grc' dir='ltr'><strong><em>ταῖς</em></strong></span> <span class='ocrx_word' id='word_1_36' title='bbox 1089 651 1154 717; x_wconf 83' lang='grc' dir='ltr'><em>σοῖς</em></span> 
     </span>
     <span class='ocr_line' id='line_1_6' title="bbox 142 741 1032 826; baseline 0 -22"><span class='ocrx_word' id='word_1_37' title='bbox 142 742 342 826; x_wconf 72' lang='grc' dir='ltr'><em>ἀφωρισμένη,</em></span> <span class='ocrx_word' id='word_1_38' title='bbox 364 742 385 825; x_wconf 74' lang='grc' dir='ltr'><strong>ἢ</strong></span> <span class='ocrx_word' id='word_1_39' title='bbox 408 746 439 806; x_wconf 80' lang='grc' dir='ltr'>οἱ</span> <span class='ocrx_word' id='word_1_40' title='bbox 459 747 611 826; x_wconf 80' lang='grc' dir='ltr'><em>τριβοῦνοι</em></span> <span class='ocrx_word' id='word_1_41' title='bbox 633 742 654 824; x_wconf 70' lang='grc' dir='ltr'><strong>ἢ</strong></span> <span class='ocrx_word' id='word_1_42' title='bbox 677 746 708 806; x_wconf 77' lang='grc' dir='ltr'>οἱ</span> <span class='ocrx_word' id='word_1_43' title='bbox 728 745 925 826; x_wconf 72' lang='grc' dir='ltr'><em>πρωτεύοντες</em></span> <span class='ocrx_word' id='word_1_44' title='bbox 949 741 1032 815; x_wconf 74' lang='grc' dir='ltr'><em>ὄντες</em></span> 
     </span>
    </p>
   </div>
   <div class='ocr_carea' id='block_1_5' title="bbox 143 825 1153 914">
    <p class='ocr_par' dir='ltr' id='par_1_5' title="bbox 143 825 1153 914">
     <span class='ocr_line' id='line_1_7' title="bbox 143 825 1153 914; baseline 0.001 -39"><span class='ocrx_word' id='word_1_45' title='bbox 143 867 1088 876; x_wconf 46' lang='lat'>..................</span> <span class='ocrx_word' id='word_1_46' title='bbox 1140 825 1153 914; x_wconf 83' lang='lat'><em>)</em></span> 
     </span>
    </p>
   </div>
   <div class='ocr_carea' id='block_1_6' title="bbox 141 1029 1155 1502">
    <p class='ocr_par' dir='ltr' id='par_1_6' title="bbox 141 1029 1155 1502">
     <span class='ocr_line' id='line_1_8' title="bbox 142 1029 1155 1109; baseline -0.004 -18"><span class='ocrx_word' id='word_1_47' title='bbox 142 1032 232 1092; x_wconf 91' lang='lat' dir='ltr'>cient:</span> <span class='ocrx_word' id='word_1_48' title='bbox 263 1031 387 1109; x_wconf 90' lang='lat' dir='ltr'>insuper</span> <span class='ocrx_word' id='word_1_49' title='bbox 418 1031 444 1090; x_wconf 91' lang='lat' dir='ltr'>si</span> <span class='ocrx_word' id='word_1_50' title='bbox 472 1031 545 1108; x_wconf 91' lang='lat' dir='ltr'>quid</span> <span class='ocrx_word' id='word_1_51' title='bbox 571 1033 633 1092; x_wconf 81' lang='lat' dir='ltr'>tale</span> <span class='ocrx_word' id='word_1_52' title='bbox 660 1035 780 1109; x_wconf 82' lang='lat' dir='ltr'>praeter</span> <span class='ocrx_word' id='word_1_53' title='bbox 806 1032 994 1092; x_wconf 87' lang='lat' dir='ltr'>voluntatem</span> <span class='ocrx_word' id='word_1_54' title='bbox 1023 1029 1155 1107; x_wconf 82' lang='lat' dir='ltr'>episcopi</span> 
     </span>
     <span class='ocr_line' id='line_1_9' title="bbox 142 1128 1154 1209; baseline -0.002 -21"><span class='ocrx_word' id='word_1_55' title='bbox 142 1130 188 1189; x_wconf 89' lang='lat' dir='ltr'>sui</span> <span class='ocrx_word' id='word_1_56' title='bbox 225 1128 353 1209; x_wconf 76' lang='lat' dir='ltr'>egerint,</span> <span class='ocrx_word' id='word_1_57' title='bbox 398 1129 518 1190; x_wconf 91' lang='lat' dir='ltr'>omnino</span> <span class='ocrx_word' id='word_1_58' title='bbox 554 1130 789 1191; x_wconf 87' lang='lat' dir='ltr'>removebuntur</span> <span class='ocrx_word' id='word_1_59' title='bbox 825 1130 862 1190; x_wconf 82' lang='lat' dir='ltr'>ab</span> <span class='ocrx_word' id='word_1_60' title='bbox 901 1128 1006 1190; x_wconf 88' lang='lat' dir='ltr'>officiis</span> <span class='ocrx_word' id='word_1_61' title='bbox 1044 1128 1154 1205; x_wconf 89' lang='lat' dir='ltr'>quibus</span> 
     </span>
     <span class='ocr_line' id='line_1_10' title="bbox 141 1227 1154 1306; baseline 0.001 -21"><span class='ocrx_word' id='word_1_62' title='bbox 141 1229 311 1306; x_wconf 87' lang='lat' dir='ltr'>funguntur</span> <span class='ocrx_word' id='word_1_63' title='bbox 339 1230 370 1288; x_wconf 90' lang='lat' dir='ltr'>ct</span> <span class='ocrx_word' id='word_1_64' title='bbox 397 1248 413 1286; x_wconf 92' lang='lat' dir='ltr'>e</span> <span class='ocrx_word' id='word_1_65' title='bbox 441 1228 605 1288; x_wconf 81' lang='lat' dir='ltr'>sacerdotio</span> <span class='ocrx_word' id='word_1_66' title='bbox 634 1228 786 1289; x_wconf 76' lang='lat' dir='ltr'>eicientur.</span> <span class='ocrx_word' id='word_1_67' title='bbox 833 1228 946 1299; x_wconf 84' lang='lat' dir='ltr'>Quodsi</span> <span class='ocrx_word' id='word_1_68' title='bbox 974 1227 1064 1286; x_wconf 83' lang='lat' dir='ltr'>iudex</span> <span class='ocrx_word' id='word_1_69' title='bbox 1086 1245 1154 1286; x_wconf 92' lang='lat' dir='ltr'>con-</span> 
     </span>
     <span class='ocr_line' id='line_1_11' title="bbox 141 1323 1154 1405; baseline -0.002 -20"><span class='ocrx_word' id='word_1_70' title='bbox 141 1328 189 1385; x_wconf 83' lang='lat' dir='ltr'>tre</span> <span class='ocrx_word' id='word_1_71' title='bbox 215 1326 310 1385; x_wconf 83' lang='lat' dir='ltr'>vetite</span> <span class='ocrx_word' id='word_1_72' title='bbox 336 1323 425 1405; x_wconf 78' lang='grc' dir='ltr'><em>λόγον</em></span> <span class='ocrx_word' id='word_1_73' title='bbox 448 1326 580 1402; x_wconf 86' lang='lat' dir='ltr'>cuipiam</span> <span class='ocrx_word' id='word_1_74' title='bbox 603 1327 717 1386; x_wconf 83' lang='lat' dir='ltr'>dederit</span> <span class='ocrx_word' id='word_1_75' title='bbox 740 1327 794 1403; x_wconf 93' lang='lat' dir='ltr'>qui</span> <span class='ocrx_word' id='word_1_76' title='bbox 816 1326 937 1404; x_wconf 82' lang='lat' dir='ltr'>publica</span> <span class='ocrx_word' id='word_1_77' title='bbox 960 1325 1022 1385; x_wconf 88' lang='lat' dir='ltr'>tuis</span> <span class='ocrx_word' id='word_1_78' title='bbox 1045 1324 1154 1384; x_wconf 86' lang='lat' dir='ltr'>mensis</span> 
     </span>
     <span class='ocr_line' id='line_1_12' title="bbox 142 1423 1047 1502; baseline 0 -20"><span class='ocrx_word' id='word_1_79' title='bbox 142 1423 287 1499; x_wconf 78' lang='lat' dir='ltr'>deputata</span> <span class='ocrx_word' id='word_1_80' title='bbox 309 1424 405 1502; x_wconf 85' lang='lat' dir='ltr'>debet,</span> <span class='ocrx_word' id='word_1_81' title='bbox 429 1423 490 1484; x_wconf 87' lang='lat' dir='ltr'>sive</span> <span class='ocrx_word' id='word_1_82' title='bbox 513 1424 628 1484; x_wconf 89' lang='lat' dir='ltr'>tribuni</span> <span class='ocrx_word' id='word_1_83' title='bbox 652 1425 713 1486; x_wconf 82' lang='lat' dir='ltr'>sive</span> <span class='ocrx_word' id='word_1_84' title='bbox 737 1426 790 1501; x_wconf 91' lang='lat' dir='ltr'>qui</span> <span class='ocrx_word' id='word_1_85' title='bbox 813 1425 927 1502; x_wconf 88' lang='lat' dir='ltr'>priores</span> <span class='ocrx_word' id='word_1_86' title='bbox 951 1426 1047 1489; x_wconf 75' lang='lat' dir='ltr'>sunt¹</span> 
     </span>
    </p>
   </div>
   <div class='ocr_carea' id='block_1_7' title="bbox 425 1531 868 1602">
    <p class='ocr_par' dir='ltr' id='par_1_7' title="bbox 425 1531 868 1602">
     <span class='ocr_line' id='line_1_13' title="bbox 425 1531 868 1602; baseline -0.005 -16"><span class='ocrx_word' id='word_1_87' title='bbox 425 1532 585 1602; x_wconf 81' lang='lat' dir='ltr'>[Reliqua</span> <span class='ocrx_word' id='word_1_88' title='bbox 604 1531 868 1602; x_wconf 69' lang='lat' dir='ltr'>desiderentur]</span> 
     </span>
    </p>
   </div>
   <div class='ocr_carea' id='block_1_8' title="bbox 139 1707 1155 2067">
    <p class='ocr_par' dir='ltr' id='par_1_8' title="bbox 139 1707 1155 2067">
     <span class='ocr_line' id='line_1_14' title="bbox 213 1707 1153 1782; baseline -0.006 -16"><span class='ocrx_word' id='word_1_89' title='bbox 213 1711 277 1782; x_wconf 73' lang='lat'>240)</span> <span class='ocrx_word' id='word_1_90' title='bbox 295 1709 421 1765; x_wconf 78' lang='lat' dir='ltr'>Dimidia</span> <span class='ocrx_word' id='word_1_91' title='bbox 443 1710 549 1781; x_wconf 81' lang='lat' dir='ltr'>pagina</span> <span class='ocrx_word' id='word_1_92' title='bbox 568 1709 598 1764; x_wconf 91' lang='lat' dir='ltr'>in</span> <span class='ocrx_word' id='word_1_93' title='bbox 616 1708 712 1764; x_wconf 89' lang='lat' dir='ltr'>codice</span> <span class='ocrx_word' id='word_1_94' title='bbox 731 1707 762 1763; x_wconf 92' lang='lat' dir='ltr'>in</span> <span class='ocrx_word' id='word_1_95' title='bbox 780 1708 846 1764; x_wconf 84' lang='lat' dir='ltr'>nlbo</span> <span class='ocrx_word' id='word_1_96' title='bbox 865 1708 966 1763; x_wconf 81' lang='lat' dir='ltr'>relicta</span> <span class='ocrx_word' id='word_1_97' title='bbox 984 1710 1037 1763; x_wconf 90' lang='lat' dir='ltr'>est.</span> <span class='ocrx_word' id='word_1_98' title='bbox 1073 1707 1153 1762; x_wconf 88' lang='lat' dir='ltr'>Desi-</span> 
     </span>
     <span class='ocr_line' id='line_1_15' title="bbox 141 1778 1153 1850; baseline -0.003 -15"><span class='ocrx_word' id='word_1_99' title='bbox 141 1781 233 1837; x_wconf 84' lang='lat' dir='ltr'>derari</span> <span class='ocrx_word' id='word_1_100' title='bbox 257 1783 352 1837; x_wconf 79' lang='lat' dir='ltr'>cutem</span> <span class='ocrx_word' id='word_1_101' title='bbox 380 1800 438 1838; x_wconf 90' lang='lat' dir='ltr'>non</span> <span class='ocrx_word' id='word_1_102' title='bbox 463 1780 553 1836; x_wconf 89' lang='lat' dir='ltr'>solum</span> <span class='ocrx_word' id='word_1_103' title='bbox 576 1781 660 1836; x_wconf 89' lang='lat' dir='ltr'>finem</span> <span class='ocrx_word' id='word_1_104' title='bbox 684 1778 769 1834; x_wconf 84' lang='lat' dir='ltr'>huius</span> <span class='ocrx_word' id='word_1_105' title='bbox 788 1779 891 1850; x_wconf 81' lang='lat' dir='ltr'>cupitis</span> <span class='ocrx_word' id='word_1_106' title='bbox 910 1782 940 1834; x_wconf 88' lang='lat' dir='ltr'>ct</span> <span class='ocrx_word' id='word_1_107' title='bbox 957 1778 1076 1834; x_wconf 79' lang='lat' dir='ltr'>notitias</span> <span class='ocrx_word' id='word_1_108' title='bbox 1095 1779 1153 1848; x_wconf 85' lang='lat' dir='ltr'>legi</span> 
     </span>
     <span class='ocr_line' id='line_1_16' title="bbox 142 1849 1155 1922; baseline -0.004 -14"><span class='ocrx_word' id='word_1_109' title='bbox 142 1853 284 1908; x_wconf 80' lang='lat' dir='ltr'>subiectus</span> <span class='ocrx_word' id='word_1_110' title='bbox 300 1853 474 1920; x_wconf 84' lang='lat' dir='ltr'>crediderim,</span> <span class='ocrx_word' id='word_1_111' title='bbox 490 1853 540 1907; x_wconf 89' lang='lat' dir='ltr'>sed</span> <span class='ocrx_word' id='word_1_112' title='bbox 554 1851 639 1906; x_wconf 84' lang='lat' dir='ltr'>etium</span> <span class='ocrx_word' id='word_1_113' title='bbox 655 1850 785 1920; x_wconf 88' lang='lat' dir='ltr'>quintum</span> <span class='ocrx_word' id='word_1_114' title='bbox 799 1853 886 1922; x_wconf 78' lang='lat' dir='ltr'>caput</span> <span class='ocrx_word' id='word_1_115' title='bbox 899 1851 974 1919; x_wconf 91' lang='lat' dir='ltr'>quod</span> <span class='ocrx_word' id='word_1_116' title='bbox 988 1851 1023 1906; x_wconf 90' lang='lat' dir='ltr'>de</span> <span class='ocrx_word' id='word_1_117' title='bbox 1032 1849 1155 1904; x_wconf 79' lang='lat' dir='ltr'>Arcadia</span> 
     </span>
     <span class='ocr_line' id='line_1_17' title="bbox 139 1920 1153 1995; baseline -0.006 -15"><span class='ocrx_word' id='word_1_118' title='bbox 139 1927 283 1980; x_wconf 74' lang='lat' dir='ltr'>tractaret.</span> <span class='ocrx_word' id='word_1_119' title='bbox 311 1923 489 1980; x_wconf 86' lang='lat' dir='ltr'>Prooemium</span> <span class='ocrx_word' id='word_1_120' title='bbox 503 1923 612 1979; x_wconf 87' lang='lat' dir='ltr'>scilicet</span> <span class='ocrx_word' id='word_1_121' title='bbox 624 1923 718 1995; x_wconf 86' lang='lat' dir='ltr'>legem</span> <span class='ocrx_word' id='word_1_122' title='bbox 733 1923 768 1978; x_wconf 93' lang='lat' dir='ltr'>de</span> <span class='ocrx_word' id='word_1_123' title='bbox 780 1922 918 1992; x_wconf 76' lang='grc' dir='ltr'><em>διοικήσει</em></span> <span class='ocrx_word' id='word_1_124' title='bbox 932 1922 1020 1978; x_wconf 84' lang='lat' dir='ltr'>totius</span> <span class='ocrx_word' id='word_1_125' title='bbox 1029 1920 1153 1992; x_wconf 84' lang='lat' dir='ltr'>Aegypti</span> 
     </span>
     <span class='ocr_line' id='line_1_18' title="bbox 139 1995 290 2067; baseline 0.013 -17"><span class='ocrx_word' id='word_1_126' title='bbox 139 1995 290 2067; x_wconf 89' lang='lat' dir='ltr'>promittit.</span> 
     </span>
    </p>
   </div>
   <div class='ocr_carea' id='block_1_9' title="bbox 0 0 1332 3922">
    <p class='ocr_par' dir='ltr' id='par_1_9' title="bbox 0 0 1332 3922">
     <span class='ocr_line' id='line_1_19' title="bbox 0 0 1332 3922; baseline 0 0"><span class='ocrx_word' id='word_1_127' title='bbox 0 0 1332 3922; x_wconf 95' lang='lat' dir='ltr'> </span> 
     </span>
    </p>
   </div>
  </div>
 </body>
</html>
