2654 3922
141 941 242 1027 ’Λρχὴ
271 945 335 1007 σὺν
358 952 429 1030 θεῷ
452 957 514 1008 τοῦ
537 946 625 1027 πρὸς
645 942 817 1026 Ἰωάννην
839 947 900 1008 τὸν
922 946 1161 1022 ἐνδοξότατον

144 1044 308 1125 ὕπαρχον
325 1053 392 1105 τῶν
411 1042 632 1105 ἀνατολικῶν
651 1045 756 1125 ἱερῶν
774 1045 999 1125 πραιτωρίων
1013 1039 1159 1127 νόμονῙ)

144 1139 232 1221 περί
258 1135 357 1224 τῆς“)
383 1136 664 1221 Ἀλεξανδρέων
690 1141 755 1203 καί
781 1149 854 1203 τῶν
880 1142 1161 1223 Αἰγυπτιακῶν

561 1237 747 1321 ἐπαρχιῶν.

211 1397 253 1456 Εἰ
287 1395 336 1457 καλ
371 1396 407 1457 τὰ
443 1397 620 1480 σμικρότατα
654 1407 714 1459 τῶν
750 1399 929 1479 πραγμάτων
960 1407 1014 1478 τῆς
1046 1397 1163 1460 ἕαντῶν

146 1491 288 1574 ἀξιοῦμεν
311 1495 470 1575 προνοίας,
496 1499 594 1579 πολλῷ
617 1499 728 1575 μᾶλλον
750 1495 786 1555 τὰ
809 1494 927 1576 μέγιστοί
949 1518 979 1556 τε
1001 1495 1052 1557 καὶ
1074 1495 1160 1558 συνέ-

144 1613 234 1670 χοντα
252 1589 306 1669 τὴν
326 1587 469 1670 ἡμετέραν
487 1593 635 1653 πολιτείαν
650 1592 705 1653 οὐκ
718 1590 966 1673 ἐγκαταλείψομεν
985 1590 1054 1655 οὐδὲ
1068 1592 1160 1673 ἀπρο-

146 1687 239 1766 νόητα
258 1686 328 1750 οὐδὲ
346 1698 399 1749 τοῦ
418 1689 620 1770 προσήκοντος
638 1689 801 1769 χηρεύοντα
819 1689 932 1768 κόσμον
950 1688 1085 1769 ἐάσομεν,
1110 1689 1161 1751 καὶ

146 1786 269 1864 μάλιστα
295 1794 348 1865 τῆς
375 1794 430 1866 σῆς
457 1783 530 1865 ἡμῖν
557 1785 767 1868 ὑπουργούσης
793 1785 955 1866 ὑπεροχῆς,
981 1774 1057 1872 ᾗπερ
1083 1786 1165 1866 μέλει

145 1891 199 1962 τῆς
226 1905 255 1944 τε
282 1879 423 1963 ἡμετέρας
450 1883 499 1944 διὰ
527 1884 647 1945 πάντων
674 1885 847 1964 θεραπείας,
874 1893 927 1963 τῆς
953 1907 983 1945 τε
1010 1884 1160 1963 αὐξήσεως

144 1987 204 2039 τῶν
232 1980 398 2060 δημοσίων,
424 1990 476 2060 τῆς
503 2003 533 2042 τε
560 1990 620 2043 τῶν
642 1981 792 2044 ὑποτελῶν
815 1991 873 2043 τῶν
895 1978 1044 2062 ἡμετέρων
1067 2005 1161 2062 φρον-

146 2253 281 2308 INCIPIT
304 2255 382 2310 CUM
408 2255 482 2310 DEO
505 2256 577 2311 LEX
596 2257 646 2310 AD
665 2256 836 2311 lOANNEM
855 2257 1163 2312 GLORIOSISSIMUM

148 2333 390 2389 PRAEFECTUM
400 2335 600 2390 SACRORUII
610 2335 863 2390 ORIENTALIUM
872 2336 1162 2391 PRAETORIORUM

146 2412 305 2467 DIRECTA
324 2415 373 2468 DE
387 2415 485 2470 URBE
499 2413 844 2549 ΑΙιξὲὲΝἮλρῖλλέιλῖλὸίλλλΰΜ
859 2414 907 2467 ΕΤ
921 2415 1165 2470 AEGYP'I'IAOIS

214 2645 246 2704 Si
281 2646 330 2704 vel
361 2645 501 2704 minimas
532 2664 580 2704 res
612 2648 715 2704 nostre
747 2664 820 2705 cure
852 2644 1027 2722 dignamur,
1063 2645 1164 2704 multo

145 2743 244 2820 magis
270 2743 416 2801 maximas
444 2745 475 2802 et
502 2761 580 2818 quae
607 2745 742 2804 nostrum
769 2741 985 2818 rempublicam
1008 2741 1165 2800 continent

147 2860 208 2900 non
235 2840 476 2916 derelinquemus
499 2859 597 2916 neque
620 2840 758 2917 neglecta
782 2841 813 2898 ct
835 2839 1029 2899 conveniente
1052 2841 1162 2899 ornatu

146 2937 240 2996 vidue
263 2937 408 3015 sinemus,
430 2936 608 3014 praesertim
631 2957 700 2996 cum
722 2940 777 2996 tua
801 2936 976 2996 excellentie
999 2936 1085 2996 ncbis
1107 2937 1164 2995 mi-

147 3034 268 3113 nistret,
296 3035 345 3094 cui
370 3034 452 3094 cordi
479 3035 526 3094 est
552 3037 583 3093 et
610 3037 714 3093 nostre
739 3053 794 3110 per
821 3033 922 3093 omnia
950 3034 1032 3092 selus
1059 3035 1091 3092 et
1116 3033 1162 3090 in-

147 3134 332 3191 crementum
354 3131 545 3208 publicorum
562 3130 716 3190 redituum
734 3132 765 3190 et
783 3130 972 3190 subditorum
990 3132 1160 3190 nostrorum

222 3321 251 3387 1)
271 3315 336 3372 Ccd.
356 3319 449 3443 νόέρς.
477 3316 533 3371 Sed
551 3316 702 3386 legendum
721 3317 823 3387 νόμον,
842 3320 875 3370 ut
893 3314 932 3370 eit
949 3313 1021 3384 ἀρχὴ
1039 3323 1089 3368 τοῦ
1110 3355 1161 3369 ...

148 3387 247 3459 νόμον.
337 3392 366 3459 2)
425 3388 451 3442 d.
475 3396 539 3442 τῶν.
577 3387 632 3442 Sed
654 3387 804 3457 legendum
823 3395 872 3456 τῆς
890 3385 950 3440 ecit.
968 3385 1082 3448 πόλεως.
1116 3384 1162 3438 Sic

148 3459 180 3513 in
205 3461 340 3514 contextu
362 3458 436 3528 legis
459 3458 566 3514 centies
586 3458 747 3528 appellatur
764 3457 942 3513 Alexandria„
979 3456 1021 3512 Cf.
1039 3458 1098 3510 not.
1119 3463 1162 3512 11.
