2654 3922
530 190 748 255 ,27-

130 351 363 428 θεοφιίεστάτου
403 350 564 414 ἐπισκόπου
606 362 665 415 τῶν
703 346 966 436 Ἄλεξανδρέων59)
994 345 1148 434 Ιλόγονθί)

130 444 268 527 παρέχειν
301 447 334 528 ἢ
355 447 536 530 ἐξαιρεῖσθαι
566 458 620 528 τῆς
652 450 828 531 εἰσπράξεως
861 459 919 512 τῶν
949 443 1147 531 δημοσίωνεῑ)

130 545 230 625 τινάς,
261 545 282 626 ἢ
314 545 518 609 ἐπικοινωνεῖν
548 542 622 609 καθ’
652 548 778 610 οῖανοῦν
809 549 908 610 αἰτίαν
939 558 974 634 τῇ
1007 547 1147 634 εἰρημένη

131 643 280 724 εἰσπράξει
308 653 343 731 τῇ
358 637 521 731 άνηκοάση
544 651 608 718 ταῖς
630 643 783 726 τραπέζαις
805 655 859 725 τῆς
881 655 938 725 σῆς
959 645 1105 728 ὑπεροχῆς
1127 643 1148 725 ἢ

129 747 193 812 τοῖς
225 743 394 823 προσώποις
424 748 487 815 τοῖς
518 740 738 823 ἀφωρισμένοις
769 737 908 829 accpi),
939 743 1019 823 πλὴν
1048 743 1076 804 εἰ
1106 743 1146 823 μὴ

132 838 279 918 βοηθείας
303 835 391 901 ἕνεκα
413 849 500 902 τοῦτο
524 839 673 918 αἰτήσεων
695 838 836 921 γενέσθαι
858 842 890 902 οἰ
908 840 1079 923 τρακτευταί
1097 839 1147 902 καὶ

132 936 166 996 οἰ
186 933 238 996 τὸν
261 935 360 997 αὐτῶν
382 941 565 1018 πληροῦντες
586 937 678 999 τόπον
700 937 774 999 κατὰ
796 939 902 1019 χάραν.
938 938 966 999 εἰ
985 938 1146 1020 γάρτοῦτο

131 1032 319 1112 αἰνήσωσιν,
351 1031 372 1113 ἢ
401 1027 484 1116 ἐἰπερ
515 1025 710 1116 προστάξαιεν
741 1031 762 1113 ἡ
791 1034 829 1114 σὴ
856 1034 1013 1114 ἰνδοξότης
1039 1033 1090 1096 καί
1117 1036 1150 1097 οἰ

130 1129 207 1191 κατὰ
233 1129 337 1212 καιρὸν
365 1131 420 1210 τὴν
447 1131 542 1211 αὐτὴν
569 1130 682 1212 ἔχοντες
709 1131 817 1214 ἀρχὴν,
842 1131 977 1214 ἀνάγκην
998 1131 1055 1207 ἕξει
1078 1131 1095 1193 δ’
1116 1155 1146 1194 τε

129 1227 207 1288 κατὰ
233 1227 339 1309 καιρὸν
366 1229 577 1310 αὐγουστάίιος
603 1229 654 1291 καί
679 1230 711 1291 οἰ
730 1225 783 1291 ὑπ’
808 1229 899 1292 αὐτὸν
921 1227 1147 1308 καθωσιωμένοι

131 1333 304 1407 στρατιῶται
327 1324 379 1387 καί
402 1327 435 1388 οἰ
453 1328 566 1389 τούτων
588 1329 741 1410 τριβοῦνοι
762 1326 814 1389 καί
834 1325 854 1406 ἡ
877 1326 1043 1408 πενθομένη
1066 1328 1146 1402 τάξις

128 1428 170 1508 τῷ
193 1423 273 1508 αὐτῷ
296 1425 588 1510 μεγαλοπρεπεστάτρι
611 1424 814 1511 αὐγουσταλίῳ
836 1425 888 1487 καί
909 1436 990 1488 πάσα
1009 1424 1144 1505 πολιτικὴ

128 1520 180 1583 καί
208 1521 335 1600 δημοσία
362 1521 491 1602 βοήθεια
518 1521 569 1583 καί
595 1520 758 1601 ἐπαμύνειν
781 1529 844 1596 τοῖς
867 1523 1061 1605 σκρινιαρίοις
1083 1529 1146 1596 τοῖς

128 1623 209 1697 σοῖς,
240 1617 290 1678 καί
320 1620 552 1700 παρασκευάζειν
581 1619 715 1692 ἅπαντας
742 1620 812 1693 τοὺς
838 1617 1053 1699 ὑποκειμένους
1080 1626 1145 1693 ταῖς

127 1716 279 1788 τοιαύταις
302 1716 469 1799 εἰσφοραῖς,
492 1722 556 1790 ταῖς
578 1715 776 1797 ἁρμοζούσαις
798 1715 920 1802 ἑκατέρᾳ
942 1715 1067 1803 τραπέζη
1091 1727 1145 1780 του

126 1931 197 1972 mus
234 1913 391 1988 episcopus
423 1912 695 1972 Alexandrinorum
731 1911 820 1993 λόγον
851 1914 922 1972 dare
955 1916 986 1972 et
1017 1912 1144 1973 eximere

127 2009 277 2087 quosdam
304 2009 341 2068 ab
370 2011 523 2070 exactione
550 2010 756 2090 publicorum,
785 2012 834 2071 vel
861 2011 1026 2070 immiscere
1054 2029 1085 2070 se
1113 2011 1144 2069 in

127 2126 310 2184 quacunque
343 2126 434 2166 causa
466 2108 563 2167 dictae
597 2109 747 2168 exactioni
779 2127 857 2185 quae
885 2108 928 2178 ad¹
951 2109 1143 2168 excellentiae

125 2209 200 2265 tuae
232 2222 349 2263 mensas
382 2204 444 2264 sive
473 2223 616 2281 personas
649 2206 688 2265 ad
720 2224 787 2264 eam
814 2205 976 2281 deputatas
1004 2206 1143 2283 pertinet,

125 2303 187 2362 nisi
219 2301 250 2360 id
283 2300 389 2360 auxilii
421 2302 521 2379 gratia
552 2301 618 2361 fieri
648 2301 791 2377 petierint
823 2304 1002 2361 tractatores
1033 2306 1064 2361 et
1091 2302 1144 2378 qui

125 2401 229 2459 locum
256 2418 360 2458 eorum
382 2399 414 2456 in
440 2399 561 2476 regione
589 2398 739 2475 supplent.
786 2397 819 2456 si
846 2398 925 2456 enim
951 2397 1008 2456 hoc
1030 2402 1143 2476 petent,

125 2499 185 2556 aut
207 2496 233 2554 si
255 2495 378 2554 iusserit
400 2496 497 2574 gloria
519 2498 575 2554 tua
597 2498 628 2555 et
651 2495 705 2572 qui
722 2514 777 2570 pro
795 2497 930 2571 tempore
948 2495 1073 2554 eandem
1092 2497 1143 2554 ad-

127 2593 383 2654 ministrationem
406 2593 592 2672 obtinebunt‚
615 2593 825 2652 necessitatem
846 2591 969 2651 habebit
991 2612 1045 2668 pro
1068 2595 1143 2651 tem·

126 2711 201 2768 pore
224 2691 404 2769 Augustalis
437 2693 467 2750 et
500 2690 601 2751 devoti
632 2691 744 2750 milites
773 2690 828 2749 sub
857 2689 921 2748 eius
949 2689 1143 2766 dispositione

126 2807 291 2864 eorumque
328 2787 443 2847 tribuni
480 2790 511 2846 et
547 2787 680 2848 officium
716 2787 812 2847 eidem
847 2786 1143 2865 magnificentissimo

125 2885 293 2963 Augustali
325 2884 494 2944 subiectum
526 2887 556 2943 et
588 2904 673 2944 omne
707 2885 794 2944 civile
822 2888 853 2944 et
880 2884 1037 2960 publicum
1059 2885 1143 2944 adiu-

124 2983 240 3042 torium
258 2982 420 3041 scriniariis
439 2982 501 3040 tuis
520 2999 691 3042 succurrere
711 2984 742 3041 et
756 3000 878 3057 operam
891 2982 968 3040 ferre
982 2983 1019 3040 ut
1033 3001 1143 3060 omnes

124 3080 181 3155 qui
208 3079 355 3138 eiusmodi
381 3079 569 3139 illationibus
596 3079 718 3156 utrique
741 3097 860 3138 mensae
883 3078 1044 3137 tribunalis
1067 3081 1139 3138 tuae

199 3268 244 3333 59)
263 3265 347 3320 Forte
365 3273 414 3336 τῆς
429 3264 508 3332 illst.
526 3265 604 3320 urbis
623 3264 885 3320 Alexandrinorum.
942 3268 986 3331 60)
1005 3263 1140 3319 Anthent.

125 3335 199 3390 Nor.
220 3342 253 3391 1⁷
273 3345 332 3392 as
361 3337 443 3408 loyen
471 3336 560 3391 latine
587 3335 684 3391 reddit
710 3338 828 3392 υιτοανκ.
865 3335 906 3388 De
935 3334 1006 3407 λόγῳ
1030 3333 1089 3387 dixi
1112 3334 1143 3388 in

124 3406 227 3461 Gesoh.
257 3407 284 3463 d.
313 3407 508 3476 gdech-mm.
536 3407 642 3462 Rechts
671 3425 698 3477 p.
727 3413 778 3462 307
794 3424 834 3474 sq.
926 3411 971 3475 61)
1000 3405 1066 3459 Cod,
1094 3412 1144 3474 τῆς

123 3475 270 3547 δημοσίας.
345 3482 389 3549 62)
409 3477 477 3535 Ood.
496 3479 579 3551 αὐτῷ.
