2654 3922
617 176 836 240 „34-

220 340 469 423 άμυωμονούντας
495 337 545 400 καί
572 337 706 399 ἀπαιτεῖν
733 336 769 398 τά
796 342 859 409 ταῖς
882 335 1035 417 τραπέζαις
1058 334 1246 415 ὀφειλόμενα
1305 387 1306 414 ρ

221 438 319 525 οἰκείῳ
350 439 495 523 κινδύνῳ,
528 435 601 497 ὥστε
634 436 683 496 διά
715 457 744 496 τε
776 443 828 514 τῆς
860 439 1010 514 πολιτικῆς
1044 434 1094 495 διά
1126 457 1156 496 τε
1186 444 1244 514 τῆς

222 544 429 618 στρατιωτικῆς
452 532 546 616 χειρός
568 542 660 595 ταῦτα
683 532 834 612 άνυόμενα
857 529 1061 613 άνυπίρθετον
1079 530 1157 613 ἔχειν
1181 531 1241 611 τὴν

221 633 388 716 εἴσπραξιν,
410 632 465 711 τήν
487 653 517 692 τε
539 630 587 693 ἐπί
609 629 664 709 τὴν
688 631 816 711 μεγάλην
838 631 948 708 ταύτην
970 628 1058 690 πόλιν
1081 629 1240 712 εἰσφοράν.
1305 697 1306 720 ρ

220 731 343 794 εἰδότων
369 738 428 792 τῶν
455 729 665 811 λαμπροτάτων
692 727 859 809 τριβούνων
885 719 990 809 τῶνδ’)
1020 725 1242 809 ἀνδρειοτάτων

221 837 404 911 στρατιωτῶν
430 826 482 888 καί
508 827 631 905 μάλιστα
658 834 718 886 τῶν
744 823 777 886 ἐν
806 823 907 896 αύτοῖς
933 823 1162 905 πρωτευόντων,
1195 826 1240 887 δτι

220 927 327 988 τούτου
355 925 382 986 εἰ
408 923 616 1010 ῥῳθυμήσειαν
643 921 756 1002 καὶμὴ
780 921 1055 1002 παρασκευάσουσιν
1078 917 1239 1004 αύτούςθί)

220 1023 336 1086 άπαντα
367 1025 475 1104 πρᾶξαι
507 1019 602 1082 ὁπόσα
631 1019 804 1100 εἰρήκαμεν,
835 1017 885 1080 καὶ
911 1017 978 1101 περί
1006 1028 1064 1079 τῶν
1092 1020 1238 1099 σιτήσεων

223 1120 462 1184 κινδυνεύσουσι.
506 1116 856 1200 παρακατασχεθύσονται
882 1116 938 1198 γὰρ
966 1109 1054 1177 αύται
1077 1118 1159 1200 παρὰ
1183 1129 1238 1182 τού

221 1217 295 1282 κατὰ
323 1215 427 1298 καιρὸν
456 1214 670 1297 αύγουσταίίον
696 1212 747 1275 καί
774 1213 1053 1294 εἰσκομισθήσονται
1080 1221 1145 1288 ταῖς
1170 1223 1237 1290 σαῖς

220 1313 374 1396 τραπέζαις
398 1312 494 1397 οἰκείῳ
517 1312 660 1397 κινδύνῳ,
682 1308 733 1372 καί
756 1310 899 1390 δήμευσιν
921 1309 1139 1389 ύποστήσονται
1158 1314 1236 1374 οἵτε
1305 1371 1306 1384 ,

219 1411 416 1493 λαμπρότατοι
438 1409 537 1470 αὐτῶν
555 1410 708 1490 τριβούνοι
730 1407 781 1469 καί
803 1409 835 1469 οί
853 1406 886 1469 ἐν
908 1407 1010 1481 αὐτοῖς
1032 1411 1235 1489 πρωτεύοντες
1305 1471 1306 1510 ρ

220 1505 317 1592 (οἵπερ
340 1506 391 1568 καί
412 1504 577 1585 κεφαίιινήν
600 1505 741 1587 τιμωρίαν
764 1498 1030 1587 εύίαβείσδωσαν),
1052 1505 1103 1566 καί
1121 1505 1154 1567 τὸ
1174 1517 1235 1568 πᾶν
1305 1515 1306 1556 t

219 1607 315 1690 τάγμα
351 1603 493 1685 μεταστὰν
528 1602 561 1665 ἐκ
597 1611 649 1681 τῆς
686 1602 780 1684 χώρας
812 1600 845 1663 ἐν
876 1607 938 1675 τοῖς
972 1601 1147 1684 πορρωτέρω
1180 1613 1233 1666 τοῦ

212 1701 328 1786 Ἴστρου
351 1700 416 1783 ἤτοι
435 1701 609 1782 Λανουβίου
632 1709 766 1779 ποταμοῦ
790 1698 891 1772 τόποις
912 1699 1149 1781 μετατεθύσεται,
1172 1707 1235 1774 τοῖς
1305 1701 1306 1728 ¹

217 1801 309 1864 ἐκεῖσε
341 1801 463 1880 ἰιμίτοις
486 1792 585 1882 triow)
612 1802 830 1878 παραφυίακῆς
858 1795 945 1858 ἕνεκα
967 1808 1234 1880 προσκαρτερῆσον.
1305 1800 1306 1820 ’

220 2031 341 2108 proprio
360 2028 493 2105 periculo
512 2027 628 2105 exigere
648 2045 725 2104 quae
744 2029 854 2088 mensis
872 2029 1025 2108 debentur,
1043 2029 1088 2088 ita
1106 2033 1142 2089 ut
1158 2031 1233 2092 haec
1305 2085 1306 2104 ς

217 2131 281 2186 tam
309 2125 392 2186 civili
419 2144 511 2200 quam
538 2123 663 2182 militari
686 2143 778 2182 manu
801 2126 907 2185 adiuta
929 2127 992 2185 sine
1015 2127 1161 2187 dilatione
1184 2149 1231 2188 ex·
1305 2193 1306 2200 ρ

218 2224 368 2284 actionem
394 2221 542 2298 recipiant
569 2225 599 2280 et
621 2221 653 2280 in
676 2240 818 2301 magnam
839 2223 917 2283 hano
940 2223 1046 2283 urbem
1068 2225 1231 2300 importen-
1305 2213 1306 2256 ἰ

216 2326 275 2382 tur.
321 2321 362 2380 nt
389 2319 486 2380 sciant
513 2319 672 2379 clarissimi
698 2319 814 2378 tribuni
840 2321 1076 2380 fortissimorum
1098 2322 1231 2382 militum
1305 2321 1306 2368 ἶ

217 2423 247 2480 et
278 2419 406 2479 maxime
436 2417 549 2495 priores
568 2427 694 2495 eorum,
728 2417 809 2493 quod
836 2417 862 2476 si
889 2418 945 2477 hoc
969 2418 1156 2496 neglexerint
1177 2439 1231 2479 nec

217 2518 318 2578 omnia
335 2518 433 2576 facere
451 2514 679 2591 procuraverint
698 2532 775 2589 quae
790 2514 927 2594 diximus,
947 2515 983 2574 de
998 2517 1123 2576 annonis
1138 2517 1230 2576 etiam
1305 2535 1306 2562 ι

215 2614 384 2692 periculum
407 2610 566 2671 subibunt:
592 2609 804 2669 retinebuntur
827 2611 905 2671 enim
928 2631 980 2671 eae
1004 2612 1042 2670 ab
1065 2613 1229 2691 Augustali

217 2712 271 2787 qui
296 2729 351 2786 pro
378 2711 513 2783 tempore
540 2706 633 2765 fuerit
660 2708 691 2765 et
718 2707 885 2768 inferentur
911 2709 1021 2768 mensis
1048 2710 1110 2768 tuis
1134 2711 1229 2788 ipsius

215 2805 357 2883 periculo,
381 2806 412 2862 et
433 2803 580 2864 bonorum
602 2803 838 2879 publicationem
861 2805 1053 2866 sustinebunt
1071 2808 1228 2868 clarissimi

215 2922 320 2963 eorum
350 2900 465 2959 tribuni
497 2904 528 2960 et
559 2901 612 2977 qui
644 2901 723 2961 inter
752 2903 834 2979 ipsos
861 2903 975 2980 priores
1003 2907 1075 2962 sunt
1102 2897 1171 2986 (qui
1197 2910 1227 2966 et

215 2999 326 3076 capitis
349 3017 477 3075 poenam
503 2989 683 3081 metuant)‚‘
702 3002 733 3058 et
763 2999 904 3060 universa
931 3001 1035 3061 cohors
1064 3021 1079 3062 e
1106 3003 1226 3080 regione

214 3101 298 3158 mota
319 3097 352 3156 in
374 3097 440 3157 loca
462 3097 544 3155 ultra
562 3096 675 3155 Istrum
699 3097 760 3156 sive
779 3097 953 3156 Danubium
976 3099 1175 3158 transferetur
1191 3105 1226 3159 ut

211 3195 277 3256 illic
304 3195 383 3256 circa
410 3194 522 3254 limites
551 3193 704 3254 custodiae
733 3213 824 3254 causa
849 3199 1033 3271 permaneat.
1079 3195 1129 3255 Illi
1156 3217 1223 3257 vero

289 3400 335 3465 81)
364 3396 430 3453 (iod.
463 3405 517 3452 τῶν
549 3416 586 3453 τε.
696 3401 740 3466 82)
769 3397 852 3452 Forte
884 3399 978 3466 αύτοί,
1011 3401 1041 3454 et
1071 3398 1114 3454 ita
1145 3400 1221 3456 verti.
1305 3403 1306 3406 ’

216 3471 261 3537 83)
280 3467 347 3524 eod.
366 3474 431 3529 τοῖς.
