2654 3922
579 146 799 211 -χχ,

182 306 362 389 τεταγμένων
394 317 506 389 καιρῶν
538 303 602 369 κατ’
638 305 726 369 οὐδὲν
759 306 868 381 αὐτοὺς
895 303 1206 393 ὑπερβαίνονταςέῧο),

186 406 257 468 ὥστε
285 404 326 486 μῆ
354 403 511 484 ἐμποδίσαι
537 411 578 490 τῷ
605 413 664 466 τῶν
691 404 810 466 ναὺλων
836 403 930 491 λέγω,
962 404 1033 486 ὅπερ
1060 401 1205 490 gmon)

184 495 276 578 αὖθις
302 501 469 582 ἐμπόδισμα
495 512 547 582 τῆς
574 503 672 575 αἰσίοις
700 500 836 582 ἐμβολῆς.
880 501 931 563 καὶ
957 501 1013 583 γὰρ
1040 501 1079 581 δὴ
1106 503 1157 565 καὶ
1185 503 1204 566 ὑ

183 597 324 664 ἐντεῦθεν
347 600 488 673 κίνδυνος
512 600 606 672 οὑτως
629 599 720 669 αὑτὸν
743 596 858 678 ὄψεται,
882 599 953 660 ὥστε
971 597 1202 682 ἀναγκασθῆναι

184 708 245 760 πᾶν
274 698 346 780 ὅπερ
373 695 412 758 tv
441 695 482 777 μῆ
509 694 723 778 ἐμπροθέσμως
751 696 911 777 καταβάλοι
938 701 977 780 τῷ
999 705 1058 758 τῶν
1080 697 1203 759 ναύλων

183 794 346 882 cessem-51,
373 805 458 857 τοῦτο
487 795 641 857 διπλάσιον
664 786 960 877 ἀποκαταστῆσαθῃ)
984 793 1073 855 αὐτόν
1096 795 1202 856 τεκαὶ

181 891 236 971 τῆν
259 891 352 954 αὐτοῦ
374 893 465 967 τάξιν.

249 989 292 1050 Τὰ
311 987 343 1051 δὲ
362 989 416 1051 ὅσα
434 989 466 1052 έκ
484 999 537 1069 τῆς
553 987 796 1073 παραδιδομένης
814 987 894 1072 αὐτῷ
912 982 983 1070 παρ’
1003 985 1090 1069 ἡμῶν
1103 989 1202 1071 χώρας

182 1084 346 1168 εἰσφέρεται
373 1092 437 1160 ταῖς
464 1085 617 1169 τραπέζαις
639 1096 692 1166 τῆς
716 1095 771 1166 σῆς
793 1085 952 1168 ὑπεροχῆς,
981 1096 1072 1148 ταῦτα
1096 1088 1145 1149 διά
1167 1111 1198 1149 τε

183 1193 235 1264 τῆς
263 1185 370 1258 τάξεως
397 1193 450 1264 τῆς
477 1194 531 1264 σῆς
554 1183 702 1267 ὑπεροχῆς
725 1183 775 1244 διά
796 1206 827 1244 τε
849 1193 909 1246 τῶν
932 1185 1124 1265 σκρινιαρίων
1146 1185 1199 1247 καλ

181 1291 362 1364 τρακτεντῶν
390 1291 448 1342 τῶν
475 1279 639 1362 εἰρημένων
662 1279 808 1362 ἐπαρχιῶν
831 1280 929 1366 οἰκείῳ
951 1275 1109 1364 αὑτῶνέέω)
1132 1307 1197 1344 κιν-

181 1379 262 1464 ὃὺνιμ
286 1377 475 1439 ἀπαιτεῖσθαι
496 1378 670 1459 βουλόμεθα
692 1376 725 1439 έκ
743 1387 802 1438 τῶν
819 1378 918 1440 τόπων
936 1377 987 1439 καὶ
1004 1387 1063 1439 τῶν
1081 1379 1198 1442 πόλεων

179 1473 229 1538 καὶ
251 1474 418 1557 προσώπων
441 1484 501 1536 τῶν
523 1473 725 1555 ὑποκειμένων
748 1475 821 1560 τῷδε
843 1472 929 1556 ὑμῶν
952 1481 992 1558 τῷ
1010 1475 1085 1562 θείῳ
1103 1476 1196 1562 νόμω,

181 1720 230 1775 tra
257 1715 430 1793 praefinitos
456 1715 600 1776 terminos
629 1715 700 1776 dent
726 1716 771 1775 ita
798 1717 1050 1792 utnequaquam
1073 1735 1124 1777 eos
1147 1716 1194 1775 illi

178 1813 452 1893 transgrediantur,
488 1816 525 1872 ut
560 1813 637 1872 nihil
667 1814 829 1872 naulorum
860 1812 1008 1873 rationem
1040 1813 1193 1892 impediat,

179 1911 260 1986 quod
277 1929 382 1969 rursus
400 1911 482 1970 felici
501 1911 634 1970 embolae
652 1909 865 1985 impedimento
879 1911 965 1970 foret.
990 1910 1111 1970 Etenim
1125 1930 1193 1988 pro·

178 2008 257 2066 fecto
281 2007 374 2066 etiam
396 2008 565 2083 periculum
588 2007 656 2065 inde
679 2006 836 2065 imminens
859 2007 905 2066 ita
928 2006 966 2066 ad
989 2027 1058 2067 eum
1078 2011 1193 2085 specta·

178 2103 237 2182 bit,
265 2105 302 2161 ut
329 2123 415 2163 omne
444 2103 525 2180 quod
548 2105 663 2162 statuto
686 2106 819 2179 tempore
842 2105 1004 2164 naulorum
1027 2106 1192 2182 susceptori

177 2219 238 2259 non
262 2199 399 2277 solverit,
428 2200 484 2259 hoc
503 2199 634 2278 tluplum
656 2200 814 2260 restituere
838 2204 965 2280 cogatur
987 2200 1051 2277 ipse
1075 2205 1105 2262 et
1128 2202 1192 2263 offi-

179 2298 260 2356 cium
282 2297 354 2357 eius.
444 2345 447 2350 .

244 2392 278 2471 [ξ
293 2397 321 2456 3.
340 2395 527 2456 Ρωὺῖλοονωικ
541 2393 672 2470 escam]
706 2393 908 2471 Quaecunque
926 2414 996 2456 vcro
1015 2414 1051 2455 ex
1068 2397 1192 2476 regione

176 2492 203 2551 ei
231 2493 389 2552 commissa
416 2493 526 2552 mensis
553 2491 745 2552 excellentiae
772 2493 844 2550 tuae
867 2491 1050 2572 infenmtur,
1078 2512 1115 2553 ea
1136 2513 1191 2571 per

175 2588 309 2648 officium
331 2589 523 2674 excellentiae
546 2592 618 2648 tuae
641 2591 672 2647 et
695 2587 864 2648 scriniarios
883 2592 914 2648 et
932 2591 1109 2650 tractatores
1128 2590 1190 2648 dic·

85 2757 88 2764 ⁴
175 2689 281 2762 tarum¹
306 2685 515 2762 eparchiarum
541 2685 662 2761 proprio
688 2685 824 2760 ipsorum
845 2685 977 2763 periculo
1001 2686 1080 2763 exigi
1101 2686 1187 2746 volu-

174 2801 242 2841 mus
265 2801 283 2841 a
306 2782 379 2842 locis
402 2784 434 2841 et
455 2781 581 2841 urbibus
604 2785 635 2842 et
656 2782 791 2858 personis
813 2782 884 2843 huic
903 2781 1020 2866 divinae
1039 2783 1101 2862 legi
1119 2783 1188 2842 sub·

245 3006 308 3072 230)
334 3001 400 3058 God.
420 3003 636 3076 ὑπερβαίνοντα.
670 3003 726 3059 Sed
748 3003 989 3073 subintellegendi
1010 3006 1075 3060 sunt
1094 3019 1188 3060 eomes

175 3075 233 3129 sive
252 3074 321 3141 dux,
339 3073 447 3129 iudices
468 3076 498 3128 et
517 3074 618 3130 officia.
690 3076 754 3146 231)
772 3074 871 3129 Malim
889 3073 979 3143 ἔσται,
999 3077 1028 3130 et
1046 3074 1086 3128 sic
1104 3076 1185 3129 verti.

173 3150 237 3216 232)
261 3144 327 3200 cod.
347 3145 510 3214 ἀπαιτῆσαι.
547 3145 688 3214 Agylaeus
711 3145 860 3201 emendare
882 3145 974 3201 voluit
992 3146 1186 3201 ἀπαιτεῖσθαι.

173 3216 228 3270 Sed
255 3216 475 3286 ἀναγκασθῆναι
501 3247 537 3256 -
564 3217 750 3271 ἀπαιτεῖσθαι
776 3217 864 3272 αὑτὸν
891 3220 947 3273 κτλ.
976 3215 1105 3286 ineptum
1134 3218 1184 3271 est.

172 3291 236 3354 2³3)
255 3287 322 3344 (lod.
342 3288 437 3342 αὐτοῦ.
466 3287 521 3341 Sed
559 3286 716 3342 ublicorum
734 3287 844 3343 exactio
862 3286 893 3341 in
911 3287 956 3341 his
975 3286 1115 3356 eparchiis
1128 3303 1187 3341 non

173 3356 271 3412 comiti
294 3357 353 3413 sive
377 3357 442 3413 duci
467 3357 517 3412 sed
539 3305 688 3413 iraefeoto
706 3357 851 3414 Praetorio
875 3356 991 3427 eiusque
1015 3357 1186 3413 officialibus

172 3430 322 3484 commissa
345 3430 400 3498 est,
423 3430 456 3483 ut
478 3427 597 3498 proinde
614 3427 740 3500 ipsorum
757 3447 814 3485 non
832 3428 943 3485 comitis
962 3428 1120 3501 pericnlum
1138 3427 1184 3483 eit.
