2654 3922
512 197 732 260 -29-

113 358 159 430 είς
173 354 260 437 μέρος
274 365 332 419 τῶν
346 354 548 437 ὀφειλομένων
559 357 844 440 καταλοχιζομίναις,
853 361 885 423 οί
896 357 928 422 δὲ
937 355 1130 445 ἆντειπεῖνθθ)

113 453 320 536 θαρρήσαντες
339 455 486 535 δημοσίαν
506 454 633 535 ὄψονται
650 455 706 536 τῆν
724 455 837 519 ἑαυτῶν
855 459 1028 540 περιουσίαν
1045 481 1130 540 γενο-

117 550 212 631 ιιίνην
234 551 284 614 καί
305 550 430 626 ἑαυτούς
453 552 508 628 ἔξω
529 563 582 633 τῆς
604 555 700 636 χώρας
718 553 944 635 ἐλαυνομένους.
979 555 1130 637 πρόδηλον

114 647 160 729 δὲ,
183 647 224 722 ὡς
245 659 318 711 πᾶσι
339 656 402 723 τοῖς
425 651 710 732 ὑιαταχθησομὲνοις
732 651 812 735 παρὰ
834 661 888 732 τῆς
910 663 965 732 σῆς
983 652 1130 735 ὑπεροχῆς

113 745 132 810 ὑ
161 747 234 809 κατὰ
259 746 364 829 καιρὸν
387 748 598 829 αύγουστύλιος
621 749 807 812 ὑποκείσεται
829 760 882 831 τῆς
906 760 961 830 σῆς
983 749 1130 832 ὑπεροχῆς

112 843 235 930 ἐξουσίᾳ
261 867 292 906 τε
318 845 368 908 καλ
395 844 484 930 ἀρχῆ,
511 847 647 929 καθάπερ
675 845 757 928 μέχρι
783 857 836 910 τοῦ
864 848 1010 930 παρόντος
1033 849 1130 926 πεφύ-

112 947 225 1003 λακται.

183 1040 225 1100 Et
256 1038 357 1119 μέντοι
384 1044 523 1126 βουληθῆ
551 1038 571 1120 ῆ
599 1041 636 1121 σι)
664 1040 821 1122 ἐνύοξύτης
848 1040 869 1122 ῆ
896 1043 929 1104 οί
953 1043 1130 1124 σκρινιύριοι

113 1135 137 1218 ἢ
170 1137 203 1199 οί
231 1136 400 1219 τρακτευταλ
430 1136 451 1217 ῆ
484 1139 516 1200 οί
543 1131 642 1221 adoll)
674 1137 794 1201 ἐκείνων
825 1145 1007 1221 πληροῦντες
1038 1139 1129 1203 τόπον

111 1234 190 1297 κατὰ
222 1235 320 1316 χώραν
350 1235 438 1317 λόγον
470 1234 528 1297 τισί
558 1237 689 1316 δοθῆναι
714 1237 898 1318 προσώποις,
929 1234 1004 1320 ὑπὲρ
1031 1237 1130 1299 αύτῶν

113 1331 203 1396 αύτολ
223 1333 484 1396 κινδυνεύσουσιν·
507 1333 595 1395 δύσει
617 1332 717 1414 με’ντοι
738 1345 845 1397 τοῦτον
868 1333 885 1396 ὑ
903 1333 1130 1414 θεοφιλέστατος

113 1431 297 1512 πατριάρχης
315 1429 364 1492 ἐπὶ
380 1431 524 1503 τοσαύτας
541 1428 653 1513 ἡμέρας
670 1431 873 1512 ἐκτεινόμενον
889 1433 940 1495 καλ
953 1431 1001 1495 ἐπί
1015 1434 1131 1505 τούτοις

116 1535 179 1601 τοῖς
207 1527 302 1609 ὅροις,
332 1522 381 1607 ἐφ’
405 1522 452 1602 Ιοἷς
478 1526 518 1589 dlv
540 1528 621 1609 παρὰ
643 1538 695 1608 τῆς
718 1527 809 1611 ἀρχῆς
831 1540 884 1611 τῆς
906 1540 962 1610 σῆς
984 1529 1131 1610 ὑπεροχῆς

113 1626 316 1707 προσταχθείη
339 1623 360 1705 ί)
382 1624 461 1705 παρὰ
483 1634 544 1687 τῶν
565 1635 748 1707 τρακτευτῶν
770 1627 918 1706 αἰτηθείη.
955 1624 1031 1688 εἰδὲ
1050 1625 1130 1706 παρὰ

114 1733 210 1784 ταῦτα
222 1720 334 1804 γένοιτό
349 1746 392 1795 τις
405 1721 495 1803 λόχου
510 1723 603 1802 δόσις,
618 1722 693 1802 αύτῆ
707 1728 856 1796 παντελῶς
870 1724 949 1786 ἔσται
963 1717 1129 1805 ύκυρος.68)

114 1937 172 1996 das
196 1939 227 1996 ct
249 1936 280 1994 in
302 1938 420 2013 partem
442 1917 612 1997 debitorurn
630 1937 860 2014 computandas:
884 1937 938 2015 qui
956 1941 1059 1998 autem
1078 1937 1128 1997 ad-

115 2034 232 2095 versari
253 2033 367 2092 fuerint
390 2034 457 2094 ausi
479 2034 559 2094 bona
582 2053 637 2094 sna
660 2035 816 2112 publicata
838 2033 984 2096 videbunt
1002 2054 1093 2112 seque
1113 2055 1128 2095 e

2 2173 4 2178 »
115 2131 239 2209 regione
262 2130 379 2191 eiectos.
421 2131 617 2191 Manifestum
639 2152 709 2192 vero
739 2136 797 2211 est,
830 2134 924 2210 quod.
938 2133 969 2192 in
993 2132 1130 2193 omnibus

115 2247 196 2306 quae
225 2227 262 2288 ab
289 2227 464 2287 excellentia
491 2231 546 2287 tua
573 2229 770 2305 disponentur
791 2250 846 2306 pro
869 2233 1003 2308 tempore
1025 2231 1131 2308 Augu·

116 2326 206 2385 stalis
237 2328 309 2385 tuae
341 2326 533 2385 excellentiae
565 2326 690 2402 imperio
723 2329 754 2384 et
780 2327 1035 2388 administrationi
1062 2327 1130 2386 sub-

116 2423 238 2500 iacebit,
262 2423 352 2482 sicuti
373 2441 470 2499 usque
492 2442 572 2483 nunc
596 2423 788 2483 observatum
810 2427 863 2483 est.

188 2517 221 2596 [ἕ
251 2523 278 2580 9.
315 2521 362 2579 Dc
392 2518 468 2604 λόγῳ
494 2525 616 2594 propter
641 2522 764 2594 μιοίλοα
795 2518 913 2597 dando]
965 2521 998 2580 Si
1028 2524 1130 2580 tamen

116 2617 250 2679 voluerit
281 2617 379 2696 gloria
410 2619 465 2676 tna
496 2618 545 2678 vel
578 2618 727 2677 scriniarii
758 2621 973 2679 tractatoresve
1001 2619 1050 2678 vel
1078 2618 1131 2695 qui

115 2734 223 2776 eorum
246 2715 347 2774 locum
369 2714 402 2772 in
422 2714 596 2793 regionibus
619 2719 731 2795 tenent,
755 2713 843 2795 λόχον
866 2715 1047 2792 quibusdam
1064 2735 1130 2792 per·

116 2813 200 2873 sonis
232 2812 310 2890 dari,
343 2831 434 2889 super
459 2812 497 2870 iis
523 2812 583 2888 ipsi
610 2813 780 2889 periculum
807 2814 1005 2873 sustinebunt.
1051 2814 1132 2872 Eum

115 2912 223 2969 autem
246 2909 330 2969 dabit
352 2909 409 2969 Dei
432 2910 657 2969 amantissimus
679 2911 851 2987 patriarcha
873 2911 906 2968 in
928 2914 975 2971 tot
998 2911 1060 2971 dies
1084 2931 1131 2970 ex-

115 3011 239 3066 tensum
266 3011 297 3066 et
324 3007 380 3066 sub
407 3007 449 3066 eis
478 3007 714 3086 condicionibus,
746 3026 821 3084 quas
844 3009 915 3068 tuae
939 3009 1131 3068 excellentiae

117 3103 341 3165 administratio
370 3104 512 3163 statuerit
534 3105 582 3164 vel
606 3124 682 3181 quas
705 3107 884 3166 tractatores
907 3104 1056 3181 petierint.
1099 3104 1132 3162 Si

115 3220 190 3262 vero
217 3205 337 3278 praeter
363 3203 436 3262 haec
464 3199 549 3282 λόχος
577 3202 677 3281 detur,
707 3202 789 3263 datio
811 3202 933 3280 penitus
955 3201 1042 3260 irrita
1065 3201 1133 3261 erit.

190 3408 237 3474 66)
256 3406 324 3462 cod.
347 3407 485 3463 ἀντιπεῐν.
576 3410 621 3477 67)
641 3405 707 3462 Cod.
729 3415 793 3462 τῶν.
885 3409 931 3476 68)
951 3405 1017 3462 Cod.
1038 3406 1130 3476 κυρία.

117 3476 176 3532 Sed
194 3477 230 3532 cf.
249 3477 325 3546 quod
343 3494 407 3533 mox
425 3478 531 3549 legitur
548 3481 690 3541 παντελῶς
708 3477 821 3549 ἄκυρον.
