2654 3922
602 221 820 286 ,38-

208 381 355 471 ἀνυσθτίη
379 385 414 447 τά
436 365 659 465 largitionalis&
682 383 814 465 χρήματα
837 383 886 444 καὶ
908 381 956 443 ἐπὶ
979 381 1048 454 τοὺς
1071 379 1113 452 είς
1131 390 1221 442 τοῦτο

208 481 416 560 στελλομένους
447 483 664 563 καταβληθείη,
695 480 746 542 καὶ
777 479 898 562 γένηται
929 474 975 540 ἐπ’
1006 479 1105 550 αὐτοῖς
1137 487 1222 538 πᾶσα

207 581 364 660 προθυμία
394 580 444 642 καὶ
475 579 639 662 εἴσπραξις,
670 578 745 658 ὅσην
777 577 826 639 καὶ
855 577 904 639 ἐπὶ
931 582 993 650 τοῖς
1020 569 1222 658 ἀρκαρίοις95)

205 674 346 756 γενέσθαι
370 679 572 758 &uaesanae

275 776 405 856 Δίδομεν
425 773 457 838 δὲ
475 775 525 838 καί
542 775 637 838 ἐκεῖνο
656 779 696 860 τῷ
714 772 894 860 περιβλέπτῳ
913 771 1125 856 αάμουσταλίιμ,
1148 769 1222 831 ὥστε

207 866 257 949 ἐφ’
282 871 373 934 ἀπασι
402 875 623 936 διακελεύεσθαι
649 872 700 934 καί
728 871 914 954 στρατιώταις
938 869 988 932 καὶ
1010 860 1221 951 παγάρχαις96)

207 966 257 1030 καί
275 976 337 1043 τοῖς
356 970 390 1032 ed
410 971 537 1051 δημόσια
554 971 715 1053 πράττουσι
732 970 768 1032 τὰ
786 968 844 1030 ὑπὸ
863 967 919 1047 τὴν
937 967 1030 1028 αὐτοῦ
1049 971 1221 1027 καθεστῶτα

207 1066 355 1148 διοίκησίν
370 1092 400 1130 τε
414 1069 463 1130 καί
476 1068 623 1143 ἐξουσίαν.
655 1067 692 1130 od
706 1065 805 1148 μέντοι
819 1066 971 1128 δύνασθαι
984 1063 1055 1136 τοὺς
1068 1063 1220 1144 παγάρχας

208 1164 456 1246 ἀγνωμονοῦντας
484 1164 504 1246 ἢ
530 1165 598 1248 περὶ
621 1165 673 1227 τὸν
697 1170 779 1227 σῖτον
801 1162 822 1244 ἢ
844 1161 970 1244 περὶτὰ
993 1164 1089 1222 ναῦλα
1110 1158 1131 1240 ἢ
1153 1159 1221 1241 περὶ

207 1262 243 1323 τὰ
275 1261 348 1324 ἀλλα
381 1263 508 1343 δημόσια
539 1262 574 1323 τὰ
601 1261 751 1341 ἀνήκοντα
779 1267 843 1334 ταῖς
870 1257 1038 1342 εἰρημέναις
1064 1257 1172 1330 αἰτίαις
1200 1255 1220 1337 ἢ

206 1365 270 1432 ταῖς
298 1360 371 1421 κατὰ
398 1361 495 1442 χώραν
523 1361 670 1432 δαπάναις
698 1358 851 1421 ἀποκινεῖν
878 1352 942 1420 κατ’
970 1355 1120 1432 ἐξουσίαν·
1153 1349 1216 1416 ἀλλ’

205 1456 237 1517 εἴ
263 1478 291 1517 τι
321 1458 475 1538 πράττοιεν
506 1456 614 1537 κακὸν,
647 1455 703 1518 οάκ
735 1455 909 1535 ἀποκινήσει
940 1451 995 1534 μὲν
1025 1453 1148 1530 αὐτοὺς,
1185 1447 1219 1514 ἐν

206 1699 286 1760 omni
309 1699 397 1759 modo
421 1698 627 1777 largitionales
650 1697 794 1774 pecuniae
819 1695 974 1771 expeditae
998 1697 1028 1754 et
1046 1694 1090 1754 eis
1109 1694 1162 1771 qui
1182 1695 1221 1752 ad

204 1797 261 1856 hoe
283 1796 367 1856 missi
390 1799 461 1855 sunt
484 1797 637 1856 exsolutae
660 1795 786 1872 fuerint,
815 1796 847 1853 et
868 1793 901 1851 in
923 1793 970 1851 his
994 1793 1089 1852 omnis
1113 1793 1220 1852 alaeri-

204 1895 253 1951 tas
281 1893 460 1952 adhibeatur
486 1896 517 1952 et
539 1893 654 1957 exactio
679 1895 826 1968 quantam
852 1891 944 1950 etiam
966 1890 998 1948 in
1021 1891 1144 1949 arcariis
1169 1891 1221 1948 ad·
1310 1905 1311 1916 ¹

204 1989 301 2048 hiberi
324 1990 494 2048 statuimus.

274 2085 307 2162 [ἓ
333 2090 382 2146 12.
415 2087 461 2146 De
485 2090 623 2160 potestate
645 2084 820 2159 Aooustutis
851 2089 884 2145 io
911 2088 1105 2146 exactionibus
1132 2103 1221 2158 saper·

200 2185 361 2258 pararetis
375 2188 401 2243 et
418 2181 603 2258 curiatibus]
627 2182 800 2241 Tribuimus
821 2201 892 2242 vero
907 2183 999 2242 etiam
1013 2183 1090 2241 illud
1104 2185 1219 2258 speeta-

205 2281 260 2340 bili
273 2281 424 2362 Agustali‚
442 2282 528 2342 utin
547 2281 684 2342 omnibus
703 2280 830 2356 imperet
848 2283 879 2339 et
897 2280 1044 2339 militibus
1063 2282 1094 2339 et
1111 2299 1221 2358 pagar·
1310 2309 1311 2350 ς

206 2379 268 2439 ohis
292 2381 390 2439 ethis
415 2381 468 2458 qui
489 2380 611 2457 publiea
635 2378 690 2438 sub
714 2379 777 2438 eius
802 2377 1060 2437 administratione
1083 2380 1113 2436 et
1136 2382 1220 2454 pote·
1310 2365 1311 2376 ¹

113 2495 118 2506 ·
205 2480 283 2537 state
303 2479 469 2540 constituta
489 2480 629 2555 tractant,
648 2497 708 2536 non
728 2479 832 2534 autem
850 2477 887 2533 ut
899 2476 1066 2553 pagarehas
1080 2475 1219 2535 indevote

205 2578 358 2636 versantes
382 2576 444 2636 sive
468 2576 546 2634 eirea
564 2575 750 2632 frumentum
770 2573 832 2632 sive
851 2572 930 2632 eirea
948 2573 1041 2631 naula
1060 2572 1121 2631 sive
1141 2573 1221 2632 eirea

205 2673 323 2749 reliqua
354 2673 476 2749 publiea
508 2690 585 2747 quae
616 2671 653 2730 ad
681 2669 776 2730 dietas
804 2688 911 2729 causas
939 2673 994 2728 aut
1021 2673 1160 2746 sumptus
1188 2670 1220 2728 in
1310 2691 1311 2744 ς

205 2769 326 2846 regione
359 2768 510 2828 faciendos
542 2767 694 2844 pertinent
724 2787 778 2842 pro
807 2785 863 2825 sua
889 2769 1039 2842 potestate
1068 2787 1220 2827 removere
1310 2759 1311 2768 ¹

205 2866 309 2942 possit.
347 2865 405 2924 Sed
428 2865 453 2924 si
477 2865 551 2942 quid
573 2865 646 2924 mali
668 2865 802 2943 fecerint,
827 2884 887 2925 non
910 2864 1074 2924 removebit
1098 2865 1221 2941 quidem

296 3089 341 3154 95)
358 3086 436 3140 Infra
457 3087 599 3158 ἀρκαρικά
621 3087 762 3142 dicuntur.
835 3088 883 3154 96)
908 3087 974 3143 (iod.
997 3085 1167 3156 κατάρχαις,
1191 3089 1222 3141 et

146 3203 149 3208 .
205 3174 271 3212 mox
284 3159 349 3221 τοὺς
361 3157 515 3228 πατάρχας.
534 3158 659 3226 Utroque
672 3159 735 3213 loeo
746 3157 959 3228 Serimgerue
975 3157 1066 3212 edidit
1074 3157 1219 3229 πατράρχ.,
1310 3217 1311 3222 ρ

205 3231 239 3283 ut
265 3229 338 3284 hanc
364 3245 464 3285 vocem
490 3246 553 3283 eum
581 3229 622 3284 eie
650 3245 722 3298 quae
749 3245 815 3284 mox
840 3228 973 3298 leguntur
999 3237 1169 3298 πατραρχῶν
1191 3233 1220 3284 et
1310 3229 1311 3256 ³

205 3301 380 3371 πατραρχίας
412 3301 589 3370 exaequaret.
626 3299 687 3370 Ego
715 3315 782 3354 vere
814 3299 909 3369 potius
941 3299 1012 3354 haee
1045 3300 1220 3354 emendanda
1310 3321 1311 3360 2

206 3387 268 3425 esee
282 3371 415 3439 arbitron
435 3374 469 3426 et.
484 3388 569 3441 supra
582 3373 640 3426 not.
655 3376 672 3424 4
687 3374 716 3426 et
728 3369 833 3424 librum
848 3371 883 3425 de
899 3370 1048 3426 eaerimen.
1068 3371 1111 3427 ed.
1131 3371 1219 3426 Bonn.
1310 3431 1311 3438 ς

204 3440 218 3492 Ι
241 3448 293 3496 679
322 3443 382 3511 (ubi
408 3439 578 3514 κάτραρχος)
607 3445 637 3497 et
662 3445 759 3496 notam
777 3440 886 3496 Reiskii
908 3442 935 3495 II
960 3448 1020 3498 799.
1038 3441 1115 3496 Infra
1134 3458 1158 3497 e.
1181 3442 1219 3496 111
1310 3439 1311 3446 ’

206 3515 221 3575 §
241 3518 257 3565 3
276 3516 352 3568 recte
369 3513 531 3586 παμάρχων,
550 3514 716 3584 παγαρχίας.
