2654 3922
468 722 827 819 Argumentum.

137 927 362 984 Prooemium

139 1007 234 1079 eaput
278 1007 299 1065 L
336 1007 387 1062 De
415 1006 780 1063 Alexandrinorum
811 1008 907 1062 urbe
934 1009 974 1062 et
1000 1005 1153 1061 duabus

372 1087 566 1158 Aegyptio.

335 1174 351 1233 5
390 1175 413 1224 1.
450 1165 548 1222 Civilis
567 1166 786 1222 administratio.

336 1254 352 1315 5
389 1254 415 1304 2.
451 1245 586 1302 Militaris
605 1246 822 1302 administratio.

335 1334 351 1395 5
389 1334 414 1383 3.
450 1327 612 1382 Assessores
630 1329 660 1382 et
678 1327 715 1381 ad
733 1343 908 1397 responsum.

336 1413 352 1474 5
389 1414 414 1461 4.
451 1405 591 1462 Officium.

335 1492 351 1553 5
389 1491 414 1541 ὅ.
452 1485 569 1542 Solatia.

336 1572 352 1632 5
387 1572 412 1622 6.
450 1565 524 1622 Oura
540 1564 633 1620 felicis
651 1564 788 1620 embolae.

335 1651 351 1712 5
388 1651 413 1700 1.
449 1644 605 1700 Naulorum
622 1643 732 1700 titulus.

335 1731 352 1791 5
389 1729 414 1782 8.
450 1723 631 1778 Publieornm
649 1721 769 1778 exaotio.

337 1810 353 1870 5
389 1810 414 1860 9.
451 1803 493 1858 De
511 1802 582 1875 λόγῳ
600 1804 716 1872 propter
733 1800 850 1872 publica
868 1800 970 1856 dando.

335 1889 415 1950 510.
450 1883 493 1938 De
510 1882 676 1952 Augustalis
695 1880 845 1937 adiutorio.

336 1969 413 2030 511.
449 1961 664 2032 Largitionalia.

335 2048 413 2110 512.
449 2042 581 2098 Potestas
603 2041 771 2112 Augustalis
797 2041 828 2095 in
855 2039 1050 2096 exactionibus
1072 2055 1153 2110 prae-

448 2120 544 2176 sertim
564 2138 648 2191 super
665 2120 817 2192 pagarohis
835 2123 865 2176 et
882 2119 1046 2176 curialibus.

335 2208 351 2269 5
372 2208 414 2258 13.
450 2203 597 2271 impensae
615 2201 754 2256 militares
772 2200 869 2256 oiviles
888 2202 918 2254 et
936 2200 1074 2255 solennes.

337 2287 353 2348 5
373 2287 414 2336 14.
450 2281 598 2351 Impensao
617 2297 651 2335 ex
668 2280 754 2335 titulo
772 2279 905 2349 exagogii
922 2279 1079 2335 faciendae.

337 2365 353 2427 5
373 2368 414 2417 15.
450 2361 492 2415 De
514 2358 691 2429 requirendis
709 2358 766 2413 reis
783 2358 815 2412 in
833 2360 989 2414 Mareotam
1007 2359 1155 2429 aufugien-

448 2440 534 2496 tibus.

138 2520 233 2591 Caput
263 2520 299 2577 ll
335 2520 381 2575 De
399 2520 527 2591 Libyco
545 2519 667 2574 limite.

334 2607 350 2668 5
370 2607 393 2658 1.
429 2599 506 2668 Dux,
528 2599 624 2670 iudex,
643 2598 746 2666 officia,
763 2596 881 2666 milites,
898 2613 1027 2652 annonae
1046 2612 1151 2652 eorum.

335 2687 395 2747 52.
431 2679 612 2735 Publieorum
629 2677 755 2734 exactio.l

334 2766 394 2826 5³.
430 2758 644 2828 targilionalia.

336 2845 396 2906 54.
433 2839 475 2893 De
493 2838 599 2894 vicario
617 2838 728 2892 iudicis.

136 2919 231 2990 Caput
248 2919 296 2974 Ill.
333 2919 380 2973 De
397 2918 570 2974 Thebaico
587 2917 711 2972 limite.

335 3004 396 3066 51.
431 2997 519 3054 Ducis
537 2996 756 3053 administratio.

335 3164 394 3226 52.
431 3157 505 3213 Oura
521 3156 613 3212 felicis
631 3155 767 3211 embolae.

335 3323 394 3384 58.
431 3316 562 3371 Potestas
593 3314 673 3370 dueis
705 3314 736 3369 in
763 3314 958 3371 exactionibus
985 3313 1152 3385 praesertim

431 3412 515 3465 super
531 3395 691 3466 pagarehis.
