2654 3922
528 190 747 254 „45-

131 363 240 434 σχῆμα,
258 353 291 415 ἕν
310 341 329 439 ᾖ
348 365 444 439 πυκτῇ
464 352 654 436 ἀπεγράψατο
673 351 724 413 τὸν
741 361 795 412 τοῦ
814 349 973 431 ἐξαγωγίου
982 344 1034 433 121)
1049 351 1145 412 τίτλον

136 449 298 533 ἐκφέροντα
329 451 485 533 διαφόροις
514 451 620 524 αἰτίαις
647 450 757 529 χιλίους
779 448 905 530 χρυσοίις
932 441 1077 530 υξθἪέλ
1101 471 1145 508 τε·

132 549 309 630 τρακοσίους
337 546 390 629 μέν
417 546 648 627 ἕννενήκουτα*’)
676 547 731 608 δύο
758 546 886 628 χρυσοὺς
908 551 968 618 τοῖς
992 546 1146 624 δημοσίοις

134 647 303 726 βαλανείοις
336 655 387 725 τῆς
414 646 506 725 αὐτῆς
536 645 663 723 πόλεως,
694 644 898 725 τετρακοσίους
925 640 957 704 δὲ
985 640 1071 704 ἐννέα
1098 643 1148 705 καὶ

132 741 206 805 δέκα
227 749 268 828 τῷ
288 741 457 829 καλουμένῳ
477 734 757 827 ἀντικανθοίριμῑέὸ),
780 739 829 802 καί
847 742 1059 813 πεντακοσίους
1077 762 1147 801 πεν-

134 841 263 918 τήκοντα
293 838 369 902 ὀκτὼ
396 840 524 922 χρυσοίνς
554 837 628 920 πρὸς
655 844 695 924 τῷ
723 835 821 917 ἡμίσει
848 842 888 922 τῷ
915 835 1061 924 ἄποδέκτχ
1089 847 1148 898 τῶν

132 939 265 1016 ναύλοτν,
288 935 328 1009 ὡς
351 931 427 998 εἶναι
450 937 481 999 τὸ
502 934 763 1018 ἀπογεγραμμένον
781 933 815 996 ἐν
833 935 935 1016 χιλίοις
954 936 1148 1017 τετρακοσίοις
1200 998 1204 1006 ,

132 1033 278 1113 ἑξήκοντα
309 1028 453 1117 leolam)
486 1040 614 1116 χρυσοῖς.
658 1031 798 1114 γενέσθαι
831 1030 863 1093 δέ
890 1033 1013 1113 ὕστερον
1039 1025 1148 1112 natm)

132 1132 324 1213 περιποίησιν
351 1131 430 1214 παρὰ
457 1141 516 1192 τῶν
543 1127 778 1209 πολιτευομένων
807 1128 880 1207 [ἐπὶ]
913 1140 948 1214 τῇ
972 1128 1047 1214 αὐτῇ
1071 1129 1149 1213 αίτίρι

133 1365 223 1439 esset,
247 1361 278 1419 in
301 1381 363 1437 qua
385 1361 498 1420 tabella
517 1361 714 1438 descripserat
733 1360 871 1438 exagogii
890 1359 1016 1418 titulum
1034 1359 1088 1436 qui
1105 1360 1149 1418 di-

134 1459 230 1520 versis
258 1459 356 1517 oausis
379 1459 557 1534 expenderet
577 1459 659 1518 mille
684 1456 904 1532 [OOOOLXIX]
929 1476 1048 1517 aureos:
1077 1477 1150 1534 qua·

135 1557 312 1634 dringentos
348 1556 516 1634 nonaginta
547 1557 622 1616 duos
654 1555 783 1632 publiois
815 1555 930 1614 balneis
963 1555 1027 1613 eius
1058 1555 1150 1632 urbis,

138 1653 374 1731 quadringentos
410 1672 480 1712 vero
516 1673 625 1713 novem
661 1655 692 1711 et
728 1653 829 1710 deoem
866 1652 1074 1710 antioantharo
1110 1653 1151 1710 sio

136 1752 229 1827 dicte,
255 1753 285 1810 et
308 1751 487 1828 quingentos
512 1749 735 1827 quinquaginta
758 1751 826 1808 oeto
850 1768 918 1807 oum
941 1748 1064 1807 dimidio
1088 1766 1152 1806 sus·

135 1847 253 1925 oeptori
287 1847 458 1926 naulorum,
497 1850 534 1905 ut
566 1847 715 1922 descripta
747 1864 864 1904 summa
895 1846 978 1904 mille
1011 1845 1152 1921 quadrin-

139 1945 240 2024 gentis
267 1945 423 2022 sexaginta
453 1965 561 2005 novem
589 1943 672 2019 [eum
700 1941 837 2018 dimidio]
868 1944 967 2003 aureis
994 1945 1152 2003 constaret.

135 2043 249 2103 Postea
267 2045 369 2101 autem
387 2043 479 2101 etiam
498 2042 728 2119 acquisitionem
743 2061 778 2100 ex
792 2042 896 2100 eadem
910 2059 1001 2100 eausa
1016 2041 1153 2118 exagogii

137 2159 159 2198 a
192 2140 355 2200 curialibus
387 2140 500 2199 faotam
533 2158 596 2198 esse
625 2159 785 2199 aureorum
814 2137 849 2218 0,
882 2142 913 2198 et
939 2159 993 2215 pro
1020 2141 1153 2214 tempore

213 2344 275 2413 121)
287 2341 456 2413 Ἐξαχώχιον
473 2344 518 2397 est
530 2341 654 2411 vectigal
669 2341 745 2409 quod
758 2358 808 2410 pro
824 2341 963 2395 mercibus
975 2340 1155 2410 exportandis

136 2413 308 2468 solvendum
335 2415 386 2469 est.
423 2412 569 2468 Eiusmodi
598 2412 654 2466 fuit
680 2411 805 2481 vectigal
833 2409 1014 2465 alabarehiae
1040 2411 1075 2464 de
1099 2427 1155 2479 quo

138 2484 206 2540 vide
217 2483 283 2540 Ood.
293 2490 398 2550 4‚61.9.
458 2487 520 2552 122)
534 2484 609 2554 Lego
625 2477 689 2549 υξθ’
704 2499 757 2552 pro
772 2481 865 2550 οὕτως,
882 2481 958 2550 quod
973 2480 1040 2535 Cod.
1054 2480 1154 2535 habet:

139 2571 231 2623 neque
253 2555 327 2607 enim
341 2554 425 2608 aliter
443 2553 567 2608 calculus
582 2555 702 2608 constat.
750 2555 776 2624 *)
791 2553 835 2608 Ita
850 2551 952 2607 Codex.
1000 2554 1063 2620 123)
1077 2551 1156 2605 Non-

137 2626 213 2680 nulli
236 2624 345 2695 navigii
363 2641 451 2694 genus
471 2641 532 2680 esse
552 2625 661 2679 volunt.
699 2623 760 2694 Ego
778 2640 845 2678 vero
865 2623 900 2677 de
919 2639 951 2676 eo
972 2621 1157 2691 cogitaverim

138 2696 217 2765 quod
233 2695 316 2749 datur
330 2694 367 2749 ad
381 2695 521 2750 delectum
536 2695 754 2763 resarciendum,
770 2693 819 2764 qui
833 2693 864 2747 in
877 2708 1009 2747 mensura
1022 2693 1158 2747 frumenti

138 2765 310 2890 pxportanplii
328 2766 365 2890 op
383 2764 627 2904 κανθχίρχρςΑἰᾶἀε.
648 2765 817 2905 χοεμελνοεοε
833 2764 979 2888 trpnptenta
992 2764 1157 2846 ¹erudientes

153 2854 200 2892 ere
223 2854 276 2891 oon
300 2855 320 2890 n
366 2879 371 2891 .
611 2854 626 2891 e
701 2854 744 2891 σει
784 2853 841 2889 mu
877 2852 893 2890 ο
922 2853 1079 2890 emmrma
1100 2854 1158 2891 non

140 2907 255 2962 curavit
277 2854 403 2978 pragetm!
491 2914 552 2975 125)
572 2906 638 2962 (lod.
661 2856 798 2977 χμενέσέθαι
820 2907 951 2976 δεύτερον
971 2907 1027 2961 καλ.
1064 2905 1158 2975 Vulgo

139 2978 258 3047 quidem
280 2979 407 3033 vertuntz
436 2977 545 3033 Deinde
569 2995 635 3033 vero
661 2977 697 3032 ab
722 2977 759 3031 iis
778 2977 828 3046 qui
846 2976 1050 3046 rempublicam
1070 2976 1158 3030 admi-

139 3050 266 3104 nistrant
279 3048 309 3102 in
323 3048 442 3103 eandem
455 3065 548 3103 rerum
558 3048 798 3119 exportandarum
813 3064 927 3103 eausam
937 3063 1036 3102 aureos
1047 3049 1159 3101 eentum

139 3123 290 3189 perceptos
320 3135 389 3176 esse.
427 3119 459 3172 Id
483 3137 546 3175 oum
570 3138 585 3174 ο
608 3119 730 3173 lectione
759 3119 865 3173 oodiois
890 3117 965 3172 effici
992 3134 1049 3171 non
1077 3133 1159 3187 posse

137 3191 276 3258 viderem,
296 3189 471 3245 conieceram
490 3189 557 3245 olim
576 3188 712 3260 γενέσθαι
731 3189 762 3244 δὲ
784 3184 883 3259 ἑτέραν
901 3187 967 3242 τινὰ
980 3207 1076 3257 περιτι.
1105 3187 1160 3241 Sed

160 3264 269 3317 raestat
291 3261 387 3330 legere
409 3280 466 3329 χεν.
488 3261 520 3316 δέ
538 3260 662 3331 ὕστερον.
696 3259 847 3315 Praeterea
866 3275 966 3314 sensus
986 3257 1114 3327 postulat
1128 3260 1162 3311 ut

138 3279 188 3389 ba
211 3340 245 3402 τῇ
265 3332 335 3403 αὐτῇ
354 3330 432 3407 αἰτίᾳ
450 3332 600 3387 scribatur:
623 3347 715 3400 neque
735 3331 811 3385 enim
830 3329 857 3384 ei
876 3327 964 3384 titulo
984 3327 1093 3396 aliquid
1111 3345 1161 3398 per

139 3403 268 3526 curialest
287 3401 456 3471 acquisitum
479 3405 533 3471 est,
561 3402 610 3457 sed
633 3401 788 3458 curialibus
814 3402 950 3469 quaestus
970 3399 990 3455 Ο
1013 3415 1161 3455 aureorum

144 3491 276 3529 aeoesu.
