2654 3922
505 222 723 287 ,39-

104 378 299 471 damietam)
323 381 355 446 di
373 383 546 463 καταστήσει
563 381 613 444 καὶ
631 382 839 464 περισκοπήσει
857 381 974 466 ἑτέρους
992 383 1061 456 τοὺς
1080 388 1120 468 τῷ
1142 434 1145 440 .

104 483 256 564 πράγματι
278 480 478 564 χρησομένους
502 479 613 562 ὀρθῶς,
635 478 685 548 καὶ
707 480 823 541 ἅπαντα
845 483 971 561 μηνύσει
988 479 1121 546 ἐνταῦθα

102 585 147 664 τῷ
176 579 278 666 θρόνῳ
305 584 345 665 τῷ
375 583 416 664 σῷ
443 578 493 640 καὶ
522 573 561 639 δι’
588 577 680 640 αὑτοῦ
707 588 742 663 τῇ
770 579 916 663 βασιλεία,
943 578 1015 643 ὥστε
1041 575 1120 659 ὑμᾶς

102 677 205 738 πάντα
232 675 430 758 γινώσκοντας
453 675 487 739 τὰ
509 675 699 757 προσήκοντα
722 676 859 756 πράττειν
881 673 932 737 ἐπί
952 699 981 738 τι
1004 687 1039 762 τῇ
1062 687 1121 738 τῶν

103 773 165 836 οὑκ
189 771 288 854 ὀρθῶς
311 778 351 858 τῷ
373 773 520 854 πράγματι
542 771 734 854 χρησαμένων
756 771 863 858 ἐκβολῇ
886 772 937 835 ἐπί
957 797 986 836 τε
1009 784 1043 860 τῇ
1062 785 1121 836 τῶν

101 867 296 952 ἐπιλεγέντων
322 863 529 953 παγάρχωνπ)
559 870 590 931 εἴ
611 863 692 952 γε99)
721 870 893 950 σννίὺοιμεν
915 869 1119 952 ἐγκαταστάσει

103 967 159 1030 καὶ
181 961 401 1050 παραδόσειῙθθ)
425 977 483 1028 τῶν
506 990 537 1029 τε
559 967 601 1040 εἰς
623 966 676 1040 τὰς
698 961 920 1050 παγαρχίαςῙθῙ)
946 967 1119 1048 ἀνηκόντων

101 1074 165 1127 τῶν
197 1088 226 1126 τε
257 1065 298 1138 εἰς
325 1064 378 1138 τὰς
404 1065 508 1138 οὐσίας
534 1064 587 1138 τὰς
614 1065 721 1128 αὑτῶν.
767 1064 839 1128 ἀλλὰ
867 1066 918 1128 καὶ
948 1065 1006 1144 [οἱ]
1035 1072 1121 1128 πολι,

100 1156 319 1246 erosnovem)
348 1163 382 1224 οἵ
398 1185 429 1223 τε
451 1161 525 1224 κατὰ
544 1158 765 1244 Ἀλεξάνδρειαν
788 1163 823 1224 οἴ
839 1185 869 1224 τε
891 1161 967 1225 κατὰ
989 1163 1040 1237 τὰς
1065 1165 1120 1228 δύο

102 1260 279 1342 Αὑγὺπτονς
311 1259 518 1322 ὑποκείσονται
549 1259 644 1345 αὐτῷ,
676 1259 726 1322 καὶ
757 1261 865 1334 πάντες
897 1261 962 1324 ὅσοι
993 1262 1120 1342 δημόσια

101 1357 280 1440 χειρίζουσιν
299 1351 332 1419 ἔν
346 1363 409 1431 ταῖς
423 1355 630 1437 ὑποκειμέναις
644 1357 724 1443 αὐτῷ
738 1358 844 1440 χώραις
858 1365 921 1432 ταῖς
935 1360 1120 1442 εἰσπράξεσιν

101 1453 349 1535 ἄπονενεμημένα
376 1459 439 1528 ταῖς
462 1454 567 1516 αὑτοῦ·
595 1453 698 1518 ἄδειαν
721 1455 853 1537 ἔχοντος,
876 1455 933 1520 κᾶν
956 1459 998 1531 εἰς
1021 1456 1119 1540 ἑτέρας

102 1551 188 1624 τινὰς
215 1545 333 1635 εἶενιθῧ)
361 1553 455 1634 χώρας
480 1552 533 1624 τὰς
560 1551 601 1632 μη
629 1552 825 1633 ὑποκειμένας
847 1555 942 1640 αὑτῷ,
964 1555 1014 1616 καὶ
1036 1553 1119 1637 ἄγειν

102 1767 186 1844 illos,
217 1765 272 1824 sub
295 1766 434 1825 cautione
457 1786 527 1825 vero
551 1765 726 1845 constituet,
750 1769 782 1826 et
804 1767 879 1826 alios
903 1767 1042 1844 anquiret
1065 1769 1119 1844 qui

40 1941 42 1946 ,
102 1865 184 1923 recte
207 1882 270 1921 rem
293 1863 460 1942 expediant,
483 1866 514 1922 et
537 1863 636 1923 omnia
654 1864 713 1923 huc
731 1864 838 1925 throno
858 1867 911 1924 tuo
930 1868 961 1924 et
978 1885 1032 1942 per
1050 1885 1121 1925 eum

102 1960 280 2036 imperatori
297 1960 459 2038 nuntiabit,
478 1963 514 2019 ut
532 1978 585 2019 nos
605 1961 705 2020 omnia
724 1965 934 2040 cognoscentes
954 1982 1031 2039 quae
1050 1983 1119 2024 con·

101 2057 188 2118 venit
215 2059 385 2116 statuamus
417 2060 480 2116 tarn
509 2058 544 2117 de
572 2058 715 2118 eiectione
743 2079 847 2119 eorum
875 2060 928 2137 qui
956 2081 1016 2121 non
1038 2064 1118 2121 recte

100 2155 261 2232 negotium
293 2156 487 2231 expedierunt
519 2174 611 2231 quam
641 2157 677 2215 de
706 2157 869 2216 electorum
896 2158 1117 2236 pegarcharum

102 2253 129 2312 si
149 2251 234 2311 nobis
252 2252 403 2328 placuerit
420 2252 612 2312 institutione
631 2256 662 2312 et
681 2253 716 2312 de
736 2254 897 2314 traditione
917 2275 1020 2315 eorum
1040 2275 1117 2332 quae

101 2351 142 2409 ad
165 2350 344 2427 pagarchias
367 2353 398 2409 et
421 2368 498 2426 quae
522 2350 561 2408 ad
582 2350 661 2409 bona
684 2368 788 2408 eorum
809 2351 968 2425 pertinent.
1007 2353 1119 2412 Sedet

102 2447 233 2507 curiales
265 2452 330 2505 tam
357 2447 556 2506 Alexandriae
589 2466 680 2523 quam
711 2447 743 2504 in
770 2447 887 2506 duabus
914 2447 1062 2526 Aegyptis
1090 2451 1118 2508 ei

103 2544 233 2603 subiecti
264 2546 353 2603 erunt
384 2547 415 2603 et
445 2562 546 2604 omnes
578 2544 750 2620 quicunque
777 2545 899 2620 publica
926 2548 1059 2604 tractant
1085 2547 1117 2605 in

102 2641 277 2718 regionibus
310 2641 337 2699 ei
370 2641 511 2701 subiectis
544 2641 609 2700 eius
641 2642 846 2712 exactionibus
873 2642 1029 2702 attributa.
1076 2645 1117 2702 Et

103 2738 195 2796 liceat
218 2738 254 2815 ei,
278 2739 397 2797 etiamsi
419 2739 451 2796 in
470 2739 538 2798 aliis
557 2739 729 2817 regionibus
749 2739 810 2798 sint
829 2760 905 2817 quae
925 2742 953 2800 ei
971 2761 1030 2801 non
1049 2742 1118 2800 sub-

175 2945 220 3010 9'1)
245 2941 339 2996 Possis
363 2941 450 2997 etiam
471 2944 593 2998 vertere:
621 2944 653 2998 ι’κ
676 2945 810 3000 ιιιοιοάἰο.
847 2945 902 3000 Sed
926 2945 961 3000 de
986 2947 1117 3001 cautione

102 3009 302 3082 cogitaverim,
324 3015 358 3068 ut
380 3013 456 3081 quod
482 3031 566 3083 supra
588 3019 603 3078 9
623 3019 640 3068 8
664 3012 698 3068 de
721 3013 931 3070 fideiussoribus
955 3017 1059 3086 legitur
1083 3017 1118 3072 de

102 3081 244 3137 eiusmodi
262 3083 392 3139 cautione
411 3084 597 3154 intellegatur
615 3083 730 3139 dictum.
762 3085 799 3140 Et
816 3085 891 3141 infra
909 3104 931 3143 c.
950 3087 991 3140 ΠΙ
1009 3093 1024 3154 ξ
1039 3095 1054 3143 3
1074 3090 1119 3143 est

102 3153 159 3208 ὑπὸ
185 3153 352 3222 ἀσφάλειαν.
438 3159 484 3226 98)
507 3154 575 3210 eod.
602 3165 779 3226 πατραρχῶν.
869 3161 914 3224 99)
938 3155 1005 3212 cod.
1030 3159 1116 3212 εἴτε,

104 3223 257 3292 100)·God.
283 3221 483 3296 ἒγκαταστήσει
500 3227 554 3282 ,καὶ
574 3227 744 3294 παραδώσει.
781 3228 865 3282 Forte
884 3227 1118 3284 ἀντικαταστάσει

102 3293 267 3362 legendum:
291 3298 419 3352 conferas
438 3313 461 3352 o.
476 3297 544 3364 1115
561 3303 593 3352 12
613 3296 901 3369 ἀντικαθισταμένων.
967 3301 1029 3370 101)
1048 3300 1115 3354 Cod.

101 3368 286 3436 πατραργίας.
356 3371 417 3438 102)
438 3367 503 3424 eod.
523 3365 754 3438 πολιτευομένων.
778 3369 947 3424 Emendavit
959 3370 1116 3440 Agylaeus;

104 3436 308 3562 03⁸}me
330 3440 439 3494 mavult
456 3447 511 3494 τῶν
530 3437 761 3509 πολιτευομένων.
836 3442 897 3511 103)
916 3438 981 3498 cod.
1001 3441 1050 3496 καὶ
1065 3484 1071 3497 .
1088 3483 1116 3497 ..

103 3525 116 3560 ε
162 3526 187 3563 ν.
