2654 3922
555 111 890 229 -42--Ι

161 327 268 408 πραξιν
298 326 463 406 ποιήσεται,
490 326 539 388 καὶ
567 325 623 405 την
650 327 788 405 δαπάνην
810 325 964 407 χορηγήσει
987 331 1048 397 τοῖς
1071 330 1177 386 καθω-

159 421 313 504 σιωμένοις
341 424 527 506 στρατιώταις
556 424 647 485 άπασι
672 429 733 496 τοῖς
756 421 805 484 ἐπὶ
826 416 939 505 rilem)
959 417 1176 503 Ἀλεξανδρέων

160 519 345 604 ἱδρυμένοις,
370 520 444 599 [τοῖς
473 519 504 583 δέ
527 521 559 583 έν
583 520 692 604 ἑτέραις
714 521 834 583 πόλεσιν
857 519 991 601 ἑκατέρας
1014 521 1176 601 Αἰγύπτου

162 612 408 701 ἱδρυμένοιςΓῙῧ)
439 619 493 698 την
525 618 741 700 ἐπιβάλλουσαν
771 618 872 692 αὐτοῖς
898 617 1009 693 έκτάξει
1036 618 1177 697 δαπάνην

161 716 194 778 ἐκ
212 725 270 779 τῶν
290 714 534 799 ὑποτεταγμένων
551 716 651 778 τόπων
669 739 698 778 τε
716 715 767 777 καλ
785 715 908 795 πόλεων,
926 716 1060 800 κινδύνῳ
1074 716 1176 800 οἰκείῳ

162 813 216 894 τὴν
244 813 394 896 εἴσπραξιν
421 816 534 877 τούτων
562 823 620 876 τῶν
642 811 881 893 καθωσιωμένον
904 821 1086 894 στρατιωτῶν
1108 833 1176 874 ποι·

161 905 366 994 ουμένων.1“)
403 910 578 994 ἀναγκάσεις
598 909 629 974 δέ
647 911 697 973 καὶ
715 912 767 973 τὸν
784 910 857 972 κατδι
875 910 979 992 καιρὸν
993 903 1175 991 platenam)

127 1067 134 1080 ,
158 1019 213 1090 τῆς
228 1004 442 1092 Ἀλεξανδρέων
460 1010 557 1072 πάντα
575 1009 610 1070 τδι
628 1005 698 1091 παρ’
715 1009 807 1071 αὐτοῦ
823 1007 965 1089 γινόμενα
979 1007 1178 1086 δαπανήματα

159 1117 282 1188 ποιησαι
311 1107 362 1169 έπί
387 1131 416 1170 τε
444 1117 496 1187 τῆς
524 1106 717 1189 ἐκπυρώσεως
743 1115 802 1168 τῶν
830 1106 981 1186 δημοσίων
1008 1106 1176 1185 βαλανείων

160 1203 212 1267 έπέ
235 1227 266 1266 τε
293 1211 354 1278 τοῖς
383 1203 482 1278 άλλοις
509 1205 673 1284 σολεμνίοις
700 1204 792 1264 άπασι
819 1209 881 1276 τοῖς
903 1207 1078 1280 πολιτικοῖς,
1101 1201 1177 1282 άπερ

160 1302 258 1362 πάντα
291 1301 442 1364 ὑπόκειται
470 1303 564 1383 ῥητῶς
590 1302 664 1385 τῷδε
691 1297 776 1380 ἡμῶν
803 1305 843 1385 τῷ
871 1301 945 1386 θείη)
974 1298 1066 1385 νόμῳ.
1110 1298 1177 1378 ἥτις

162 1397 322 1480 ἀπογραφὴ
347 1399 470 1478 δηλώσει
493 1407 595 1476 σαφῶς
617 1396 651 1458 ἐκ
673 1398 768 1459 ποίων
791 1420 821 1460 τε
845 1407 937 1459 ταῦτα
955 1397 1113 1477 συνάγεται
1130 1395 1177 1457 τό·

161 1518 227 1558 πων
246 1495 296 1557 καλ
314 1497 417 1558 τίτλων
430 1494 496 1575 ἤτοι
508 1496 687 1576 προφάσεων
701 1494 751 1556 καλ
764 1495 939 1577 προσώπων,
959 1492 1010 1555 καλ
1023 1493 1101 1554 πόσα
1114 1492 1176 1555 ἐστὶ

162 1592 212 1656 καλ
235 1592 338 1655 ὅντινα
360 1594 501 1676 προσήκει
524 1593 701 1655 διοικεῖσθαι
723 1593 849 1676 τρόπον,
873 1589 988 1672 δηλαδὴ
1011 1600 1070 1651 τῶν
1095 1596 1176 1652 σολε-

162 1772 258 1832 modis
277 1773 397 1849 proprio
416 1773 549 1849 periculo
569 1773 755 1833 exactionem
773 1771 872 1850 faciet,
892 1773 922 1830 et
937 1751 1075 1847 sumptus
1090 1789 1176 1846 prae-

163 1869 256 1928 stabit
284 1870 398 1930 devotis
422 1871 569 1929 militibus
593 1870 730 1930 omnibus
753 1869 786 1927 in
807 1868 1078 1928 Alexandrinorum
1101 1867 1175 1926 urbe

163 1965 324 2025 stationem
355 1967 548 2026 habentibus:
582 1966 639 2041 [eis
672 1969 774 2025 autem
806 1967 859 2042 qui
891 1966 923 2024 in
955 1965 1023 2024 aliis
1050 1965 1177 2024 urbibus

162 2063 322 2138 utriusque
346 2062 479 2140 Aegypti
506 2065 650 2123 stationes
672 2060 797 2138 habent]
821 2065 1038 2140 competentem
1062 2064 1178 2121 statuet

163 2161 319 2233 sumptum
343 2179 378 2218 ex
401 2160 542 2219 subiectis
570 2161 643 2220 locis
671 2162 702 2219 at
728 2160 866 2238 urbibuS‚
894 2159 1014 2237 proprio
1041 2159 1176 2236 periculo

164 2257 279 2317 devotis
311 2257 459 2316 militibus
490 2259 599 2319 horum
631 2259 815 2319 exactionem
846 2258 1033 2318 facientibus.
1081 2255 1176 2334 Coges

164 2373 234 2414 vero
262 2354 354 2415 etiam
381 2375 435 2432 pro
463 2358 597 2432 tempore
624 2356 773 2416 vindicem
799 2355 882 2414 urbis
905 2353 1178 2414 Alexandrinorum

164 2471 266 2513 omnes
297 2453 448 2530 impensas
481 2453 518 2512 ab
551 2453 616 2528 ipso
647 2454 799 2513 faciendas
827 2455 859 2512 et
886 2453 924 2511 ad
951 2451 1179 2512 calefactionem

163 2550 354 2626 publicorum
381 2551 558 2610 balneorum
585 2553 616 2608 et
643 2551 682 2608 ad
709 2551 770 2609 alia
795 2550 895 2610 omnia
918 2549 1020 2610 civilia
1043 2548 1178 2608 solennia

164 2647 270 2725 facere,
295 2667 372 2724 quae
396 2650 506 2706 cuncta
528 2665 629 2706 sacrae
648 2647 717 2707 huic
736 2651 855 2707 nostrae
874 2647 935 2725 legi
953 2665 1089 2723 expresse
1108 2645 1178 2704 sub·

164 2745 244 2804 iacta
272 2746 349 2802 sunt.
397 2744 479 2814 Quae
508 2743 667 2821 descriptio
691 2746 843 2805 evidenter
865 2744 1030 2804 declarabit
1052 2746 1120 2803 tum
1142 2763 1178 2802 ex

166 2841 276 2917 quibus
303 2841 376 2900 locis
400 2844 431 2900 et
454 2841 553 2899 titulis
577 2841 639 2901 sive
662 2842 760 2901 causis
784 2861 818 2902 ao
840 2841 974 2918 personis
996 2841 1070 2900 haec
1094 2840 1177 2900 colli-

164 2940 288 3016 guntur,
312 2941 379 2997 tum
402 2941 517 3015 quanta
540 2942 665 2998 suntet
688 2940 837 3015 quomodo
857 2938 1023 3015 dispensari
1040 2937 1176 3014 debeant,

238 3099 299 3166 112)
320 3097 384 3153 Ood.
404 3104 469 3160 τοῖς.
545 3103 606 3169 113)
625 3099 738 3152 Lacuna
751 3098 780 3153 in
796 3099 857 3153 cod.
872 3114 929 3152 non
943 3099 1071 3166 apparet.
1100 3095 1177 3162 Quae

165 3169 296 3239 supplevi
314 3172 350 3225 ob
369 3168 564 3240 δμοιοτέλευτα
583 3169 755 3225 exciderunt.
836 3174 897 3240 114)
916 3168 983 3224 (lod.
1001 3167 1177 3237 ποιούμενος.

167 3246 229 3310 115)
243 3241 352 3297 Vindex
368 3243 416 3309 qui
433 3241 543 3296 tributa
561 3241 694 3310 exigeret,
713 3240 790 3309 qnod
809 3242 893 3294 antea
911 3238 1060 3295 curialium
1077 3255 1178 3292 munus

166 3311 235 3379 fuit,
258 3311 294 3367 ab
313 3311 465 3367 Anastasio
489 3312 520 3366 in
543 3310 659 3366 urbibus
677 3310 826 3366 institutus
845 3313 896 3366 est.
932 3308 1087 3380 Nicephori
1105 3308 1177 3364 Hiat

167 3383 264 3438 eccles.
282 3382 347 3436 XVI
367 3389 408 3438 14.
426 3383 497 3438 Nov.
516 3382 620 3436 XXXII
638 3385 694 3453 (29)
712 3400 754 3451 pr.
774 3381 842 3436 can
856 3386 930 3451 (118)
945 3399 968 3436 c.
987 3387 1011 3436 b.
1028 3388 1052 3437 8.
1069 3378 1178 3435 CLXVI

165 3457 243 3527 (134)
261 3471 283 3508 ο.
304 3459 330 3509 2.
367 3453 461 3509 Cuiac.
482 3454 597 3510 Observ.
616 3459 641 3522 3,
663 3459 704 3507 14.
