2654 3922
441 140 756 258 ,ῄὸ-

151 357 258 435 voluit,
280 360 493 434 praeterquam
512 358 592 434 quod
610 357 737 417 vitiosae
755 357 897 417 lectiones
917 356 1164 434 quamplurimis

153 455 226 514 locis
255 454 428 514 emendatae
453 457 537 533 sunt,
566 455 743 514 emendandi
765 455 918 514 licentiam
941 453 1059 530 antiqui
1081 453 1165 512 illius

154 551 263 611 codicis
294 553 456 628 papyracei
489 551 660 612 condicione
692 555 784 628 atque
813 552 911 612 indole
939 551 1053 630 largius
1080 570 1166 627 prae·

151 649 248 708 bente.
285 643 373 709 Notis
396 649 427 708 id
451 649 713 728 demonstrabitur,
737 668 812 726 quas
835 649 1026 725 potissimum
1047 649 1165 708 criticas

153 745 255 806 adieci.
292 746 372 805 Nam
394 747 527 805 militum
545 746 676 827 τάγματα
695 766 764 807 cum
783 748 845 806 suis
863 747 992 806 tribunis
1011 750 1043 806 et
1059 746 1162 822 priori·

151 842 208 901 bus
239 863 293 918 per
324 844 413 903 urbes
445 845 494 904 vel
526 842 600 903 κατὰ
632 844 729 924 χώραν
762 845 920 920 disposita:
957 844 1102 904 territorii
1134 844 1165 901 in

152 939 424 1000 Alexandrinorum
455 941 562 1001 urbem
595 945 626 1000 11
656 942 789 1018 reliquas
818 940 917 1013 πόλεις
944 943 975 1002 11
1001 941 1033 999 in
1060 940 1165 1020 χώρας,

151 1033 289 1117 ἐπαρχίας
324 1036 375 1098 καὶ
406 1037 516 1110 τόπους
550 1037 739 1099 divisionem:
776 1035 925 1120 ἀρχόντων
956 1036 1103 1117 ἐπαρχιῶν
1136 1041 1166 1097 11

152 1131 302 1215 ἀρχόντων
329 1132 506 1216 ἐπιχωρίων,
533 1135 692 1217 παχόρχων
719 1140 750 1195 11
772 1133 1006 1215 πολιτευομένων
1028 1136 1167 1212 iuxtapo·

152 1231 303 1291 sitionem:
336 1233 480 1293 frumenti
512 1241 565 1312 τῆς
598 1233 696 1305 aicius
727 1231 854 1313 ἐμβολῆς
881 1237 912 1294 11
938 1242 991 1294 τοῦ
1018 1233 1166 1312 τροφίμον

149 1321 367 1410 Ἀλεξανδρείας
399 1331 591 1391 collationem
623 1332 829 1392 collectionem
859 1335 889 1392 et
916 1331 1167 1392 transvectionem

152 1426 306 1486 Praefecto
330 1428 495 1506 Augustali
518 1428 752 1488 incumbentem:
776 1429 960 1490 tributorum
982 1431 1166 1491 exactionem

153 1543 171 1582 1
193 1525 408 1584 tractatoribus
437 1528 468 1585 et
490 1525 653 1585 scriniariis
676 1526 825 1587 Praefecti
847 1527 1002 1588 Praetorio
1027 1526 1167 1605 Orientis,

153 1621 392 1698 largitionalium
416 1643 434 1682 a
456 1623 600 1699 palatinis
628 1621 752 1682 Comitis
776 1624 935 1683 Sacrarum
957 1624 1168 1697 Largitionum

150 1718 331 1778 faciendam:
358 1720 432 1780 haec
460 1723 492 1779 et
518 1719 549 1778 id
580 1738 674 1798 genus
703 1721 764 1778 alia
786 1739 887 1780 rerum
909 1720 1167 1798 Aegyptiacorum

152 1816 278 1876 curiosis
301 1817 516 1877 commentario
540 1817 722 1876 illustranda
744 1817 890 1894 relinquo.

220 1913 340 1974 Graecis
363 1915 531 1975 versionem
552 1915 681 1974 latinam
704 1915 814 1994 addidi,
838 1934 915 1992 quae
936 1934 1040 1993 graece
1059 1935 1168 1991 parum

153 2010 315 2070 scientibus
343 2011 476 2072 subsidio
505 2030 568 2071 esse
596 2016 628 2072 11
650 2032 754 2091 graece
779 2014 899 2074 omnino
922 2033 982 2073 non
1005 2013 1167 2074 scientibus

151 2109 226 2186 legis
259 2109 346 2184 quasi
378 2109 477 2168 ideam
510 2110 647 2170 exhibere
679 2111 782 2186 possit.
828 2111 864 2170 In
897 2131 956 2186 quo
989 2111 1021 2170 id
1053 2111 1101 2189 egi
1130 2113 1167 2169 ut

152 2206 285 2266 humeris
305 2207 440 2282 priorum
462 2207 613 2268 editorum
630 2208 771 2268 insistens
790 2209 921 2285 pressius
939 2227 1048 2287 graeca
1065 2208 1167 2268 redde-

151 2323 223 2382 rem,
247 2304 318 2363 licet
340 2304 372 2362 id
393 2323 454 2364 non
478 2305 541 2364 sine
561 2305 739 2365 detrimento
759 2307 926 2384 elegantiae
942 2306 1007 2365 fieri
1025 2305 1167 2381 potuerit.

152 2401 292 2460 Versioni
319 2401 495 2462 intercalari
523 2403 555 2461 in
583 2402 684 2478 capita
709 2405 741 2462 et
761 2403 967 2480 paragraphos
990 2402 1168 2462 divisionem

153 2498 385 2558 summariorum
412 2499 606 2575 inscriptione
637 2499 837 2578 illustratam,
866 2498 952 2558 cuius
983 2499 1071 2575 quasi
1099 2518 1167 2558 con-

152 2598 289 2670 spectum
321 2595 405 2655 dabit
436 2596 524 2657 index
556 2597 616 2675 legi
647 2616 716 2657 mox
743 2596 978 2674 praeponendus.
1026 2594 1168 2672 Capitum

152 2691 305 2752 distinctio
335 2694 434 2770 qualis
462 2694 661 2754 anterioribus
690 2695 854 2755 editoribus
881 2693 998 2770 placuit
1018 2696 1125 2771 utpote
1149 2712 1168 2751 a

150 2788 260 2849 Codice
275 2791 390 2850 Veneto
409 2791 508 2850 aliena
528 2795 558 2850 et
576 2792 676 2850 minus
696 2796 769 2868 apta
787 2809 909 2868 prorsus
928 2791 1083 2851 abicienda
1099 2791 1167 2850 fuit.

219 2887 326 2946 Restat
348 2891 386 2946 ut
408 2888 444 2947 de
468 2891 602 2964 tempore
625 2890 734 2964 loquar
757 2909 816 2966 quo
839 2890 888 2948 lex
910 2889 983 2948 data
1006 2889 1053 2948 sit.

221 2983 291 3060 Oap.
310 2985 326 3044 1
348 2983 368 3061 ξ
389 2989 430 3045 14
454 2986 566 3046 mentio
590 2984 625 3044 fit
648 2988 794 3046 secundae
817 2985 989 3046 indictionis
1011 2987 1168 3062 praeteriti

152 3082 258 3141 circuli
286 3101 363 3159 quae
391 3083 451 3141 fuit
475 3087 544 3143 ante
568 3101 662 3143 annos
686 3083 868 3162 quindecim,
892 3087 923 3143 et
946 3102 1009 3159 cap.
1033 3081 1121 3159 1115
1147 3086 1165 3141 2

151 3178 324 3240 indictionis
364 3180 478 3256 primae
518 3181 580 3239 iam
618 3173 710 3262 (ἄρτι)
748 3181 935 3257 praeteritae.
995 3180 1167 3256 Imperante

151 3280 256 3336 antem
297 3277 465 3338 Iustiniano
502 3278 627 3338 indictio
669 3279 799 3338 secunda
839 3278 946 3338 incidit
985 3278 1017 3336 in
1054 3297 1167 3336 annum

152 3376 328 3435 538—539
354 3377 385 3434 11
406 3393 510 3434 rursus
534 3375 565 3432 in
585 3395 698 3434 annum
718 3378 901 3436 553-554.
938 3376 1019 3434 Dum
1037 3373 1167 3450 priorem

150 3472 238 3531 illam
266 3475 335 3531 ante
363 3490 456 3532 annos
485 3472 655 3549 quindecim
682 3473 775 3534 fuisse
798 3474 961 3550 imperator
984 3473 1069 3551 dicit,
1098 3491 1167 3532 eum
