2654 3922
539 129 789 223 -6ι-’

540 314 594 405 ²¹⁰>

142 322 316 401 ἀποσωθείη
339 327 379 407 τῷ
404 321 535 407 δημοσίῳ
618 320 668 382 διὰ
690 329 743 382 τοῦ
765 320 882 402 θρόνου
905 329 958 400 τῆς
977 329 1031 400 σῆς
1049 319 1155 406 δπερο-

141 431 195 503 χῆς
216 416 458 500 εἰσπραξαμένου.

202 611 300 696 ’Ἆρξει
322 610 355 675 δὲ
377 611 427 675 καί
450 622 631 694 στρατιωτῶν
654 612 705 674 καί
723 613 859 692 ἰδιωτῶν,
881 622 939 674 τῶν
958 610 1012 692 μέν
1030 612 1154 674 κατὰτὸ

144 722 197 792 τῆς
215 720 422 792 στρατιωτικῆς
441 709 532 791 ἀρχῆς
550 711 678 790 δίκαιον,
695 720 754 772 τῶν
773 707 805 772 δέ
823 709 897 772 κατὰ
909 709 964 790 τὴν
978 720 1031 772 τοῦ
1045 710 1155 792 αὔγου-

144 811 262 871 σταλίοα
296 808 514 887 δικαιοδοσίαν,
546 807 660 886 δηλαδὴ
692 802 953 889 stromensem&
981 807 1060 892 αὐτῷ
1088 801 1155 890 (κα-

143 908 240 988 θάπερ
273 905 404 978 εἰπόντες
435 897 588 988 ἐφθημεν)
625 914 684 967 τῶν
716 904 878 988 ἐπιχωρίων
909 903 1074 988 ἀρχόντων,
1110 899 1155 976 οἷς

141 1014 201 1066 τῶν
224 1000 387 1086 εἰρημένων
410 1001 556 1085 ἐπαρχιῶν
579 1002 668 1084 μέλει,
690 1002 740 1064 καί
761 1012 820 1065 τῶν
842 1001 1031 1083 πειθομένων
1053 1001 1156 1074 αὐτοῖς

140 1103 267 1180 τάξεων,
294 1098 345 1161 καί
370 1100 468 1179 πάσης
495 1105 647 1180 πολιτικῆς
674 1099 725 1162 καὶ
752 1101 897 1181 δημοσίας
919 1100 1079 1181 βοηθείας,
1105 1097 1156 1160 καί

142 1199 301 1280 παχοίρχων
332 1196 383 1258 καί
409 1190 702 1281 πολιτευομένωνω)
725 1197 776 1259 καί
798 1196 897 1270 ἁπλῶς
919 1193 1060 1260 ἁπάντων
1082 1195 1156 1258 κατὰ

140 1295 193 1368 τὰς
220 1294 358 1376 ἐπαρχίας
386 1293 501 1368 ἐκείνας
529 1293 549 1374 ἰ)
577 1292 672 1357 όντων
695 1293 715 1376 ἢ
738 1295 902 1358 οἰκούντων
925 1294 945 1375 ἢ
967 1295 1155 1376 παχαρχοόν-

143 1416 203 1454 των
224 1390 245 1473 ἰ)
267 1392 395 1473 δημόσια
416 1387 489 1454 καθ’
516 1394 639 1455 οίονοῦν
662 1393 770 1474 τρόπον
793 1393 985 1475 χειριζόντων.
1023 1392 1077 1467 οὓς
1099 1391 1156 1468 ἕξει

142 1490 311 1573 παρρησίαν
337 1488 387 1551 καί
409 1487 492 1571 ἄγειν
516 1489 590 1571 πρὸς
613 1489 719 1552 ἓααιδν
741 1484 858 1575 utem)
881 1491 923 1564 εἰς
946 1489 1044 1574 ἐτέρας
1067 1490 1155 1573 έπαρ-

144 1677 239 1738 0mnis
265 1695 406 1738 mensure
434 1695 511 1753 quae
539 1679 696 1754 exportata
718 1697 779 1738 non
801 1678 894 1738 fuerit
920 1678 1041 1755 publico
1064 1678 1157 1738 iuuerit

140 1777 233 1854 selva,
258 1773 360 1850 [eure]
384 1795 438 1852 per
461 1775 606 1835 thronum
629 1775 821 1836 excellentiae
845 1778 916 1836 tuae
940 1779 1052 1836 exusto,

208 1949 242 2028 [ἓ
267 1955 295 2013 3.
327 1954 458 2012 Potestas
481 1954 576 2021 duces,
604 1955 637 2013 ιἰι
660 1956 855 2014 vectationibus
871 1957 1047 2028 praesertim
1069 1972 1157 2029 super

135 2047 318 2124 μορανοίιίε.)
364 2050 501 2109 Praeerit
524 2053 628 2110 eutem
651 2054 682 2111 et
704 2051 852 2111 militibus
875 2054 907 2111 et
927 2051 1068 2130 privatis,
1095 2051 1156 2110 illis

139 2166 194 2223 pre
222 2145 287 2207 iure
314 2145 455 2206 militaris
484 2147 767 2226 administrationis,
795 2149 842 2207 his
869 2168 923 2225 pro
951 2149 1156 2210 iurisdictione

139 2242 331 2322 Augustalis
362 2244 476 2303 scilicet
504 2243 646 2303 subiectis
673 2245 733 2320 ipsi
754 2246 792 2303 ut
814 2247 904 2304 unteu
927 2245 1056 2305 diximus
1080 2246 1156 2305 indi-

138 2342 223 2419 genis
255 2340 417 2419 iudicibus,
455 2341 509 2417 qui
541 2360 645 2400 earum
672 2341 880 2417 eparchiamm
906 2361 1011 2401 curum
1038 2347 1156 2420 gerunt,

139 2442 170 2497 et
198 2437 303 2498 officiis
327 2457 405 2516 quae
428 2439 471 2498 eis
495 2440 616 2516 parent,
644 2440 675 2497 et
698 2437 779 2498 omni
802 2437 884 2498 civili
906 2441 937 2498 et
958 2438 1080 2515 publico
1105 2438 1156 2498 ad-

139 2534 265 2614 iutori0‚
297 2538 328 2595 et
353 2535 514 2613 pegerehis
542 2538 573 2596 et
600 2535 778 2614 curialibus,
810 2537 841 2594 et
868 2535 988 2596 omnino
1017 2536 1155 2596 omnibus

139 2632 194 2708 qui
216 2633 247 2690 in
270 2633 337 2692 istis
361 2633 509 2710 eparchiis
531 2633 589 2694 vel·
604 2636 675 2693 sunt
697 2635 745 2693 vel
763 2633 903 2694 habitunt
920 2633 969 2694 vel
986 2635 1155 2713 pugurchue

139 2732 210 2788 sunt
237 2729 285 2789 vel
307 2730 430 2806 publice
454 2750 635 2807 quoeunque
658 2730 747 2791 mode
770 2733 911 2790 tractent.
957 2730 1038 2802 Quos
1060 2731 1156 2791 fecul-

138 2830 235 2886 tatem
261 2827 385 2886 hebebit
407 2828 500 2886 etiem
524 2828 616 2887 adse
641 2827 808 2886 adducendi
831 2829 903 2888 licet
924 2829 956 2887 in
980 2828 1048 2888 aliis
1072 2849 1156 2906 epar-

138 2923 214 2983 ehiis
246 2923 384 2984 habitent
411 2924 470 3001 ipsi
498 2945 558 2985 non
586 2924 742 3004 subiectis,
774 2925 806 2983 in
835 2925 906 2986 selis
934 2929 1035 2986 tumen
1057 2927 1156 3004 publi-

214 3094 277 3162 210)
296 3093 378 3147 Adde
397 3100 447 3148 τοῦ
466 3095 583 3163 χρνσίον
601 3092 647 3148 vel
665 3092 758 3148 simile
776 3093 851 3162 quid.
933 3098 997 3164 211)
1015 3094 1157 3150 Nimirum

138 3161 176 3218 ob
196 3161 337 3218 deiectum
355 3163 532 3233 integrorum
549 3163 683 3219 foliorum
701 3163 866 3219 exciderunt
883 3181 956 3232 quae
971 3165 1157 3236 congruentia

136 3231 318 3288 continerent
335 3234 376 3290 eis
396 3250 469 3304 quae
487 3234 518 3288 in
536 3250 559 3289 e.
575 3236 710 3300 ltu-11
727 3235 855 3305 exposita
868 3237 940 3292 sunt.
1008 3240 1071 3298 111)
1087 3236 1155 3292 Cod.

137 3301 337 3374 ὑποκειμένην.
399 3308 464 3375 21³)
484 3305 550 3362 cod.
564 3313 621 3368 πᾶς
638 3305 732 3375 ἄρχων
751 3306 800 3360 καί
817 3303 947 3362 κοίττενό
968 3327 1037 3370 ενος.
1061 3307 1101 3362 Ut
1118 3307 1155 3361 ab

137 3374 247 3448 ἀρτάβη
267 3376 430 3446 genetivum
448 3376 569 3448 pluralis
588 3375 718 3449 δρτσίβων
733 3376 870 3448 efformet,
888 3378 932 3433 ita
965 3377 989 3432 ‘c
1003 3378 1155 3450 καχάρχων

136 3462 155 3499 u
175 3446 329 3519 παχάρχης.
403 3451 466 3519 214)
487 3447 554 3504 eod.
573 3447 629 3503 καί.

902 3539 937 3593 χ).
