2654 3922
598 203 817 266 „64-

202 368 310 449 ναρίαν
327 360 398 449 παρ’
419 365 511 428 αὐτοῦ
530 373 711 449 πραχθῆναι,
729 365 780 427 καὶ
797 370 1054 444 κατακομισθῆναι
1072 362 1104 426 δέ
1123 365 1216 428 αὐτὸν
1292 373 1294 403 ¹

202 467 254 526 τὸν
291 470 372 526 σῖτον
408 463 450 537 εἰς
481 464 535 542 τῆν
560 459 772 544 Ἀλεξανδρέων
807 461 889 544 μέχρι
920 471 972 542 τῆς
1005 462 1128 541 δεκάτης
1161 474 1215 525 τοῦ
1292 469 1294 501 ³

204 563 397 643 σεπτεμβρλου
411 560 515 641 μηνὸς,
528 561 579 622 καλ
592 560 848 643 παραδίδοσθαι*)
862 565 903 644 τῷ
912 557 1093 644 περιβλέπτῳ
1103 559 1216 641 αδμου-
1293 567 1294 574 ’

203 659 308 743 σταλίῳ
340 652 419 742 blm)
452 665 514 732 τοῖς
546 654 616 741 παρ’
651 658 743 720 αὐτοῦ
771 658 813 731 εἰς
840 667 926 719 τοῦτο
950 656 1218 738 προβαλλομένοις·
1279 652 1294 686 “’

203 765 256 818 τοῦ
280 754 311 818 δὲ
334 752 403 837 παρ’
428 754 514 836 ἡμῶν
536 755 787 836 φιλοτιμουμένου
809 766 845 840 τῆ
869 755 979 840 μεγάλη
1001 763 1060 816 τῶν
1080 749 1216 830 Ἀλεξαν-
1293 807 1294 810 ,

204 853 296 932 δρέων
319 854 401 915 πόλει
423 856 570 936 τροφίμου
594 852 676 935 μέχρι
697 863 751 934 τῆς
774 852 1034 931 πεντεκαιδεκάτης
1052 861 1105 913 τοῦ
1124 850 1216 913 ὀκτω-

204 952 293 1032 βρίου
321 951 423 1031 μηνός.
468 951 565 1014 έκεῖνο
591 950 647 1033 γὰρ
669 961 728 1013 τῶν
756 949 1029 1031 άνωμολογημέυαν
1051 948 1145 1027 ἐστὶν,
1174 947 1217 1022 ὡς

203 1050 229 1109 εἰ
251 1048 388 1128 μὴκατὰ
411 1048 463 1122 τδις
485 1047 640 1131 εἰρημένας
663 1050 847 1130 προθεσμίας
868 1057 928 1120 πᾶς
952 1045 967 1108 δ
991 1053 1085 1126 σῖτος,
1109 1056 1161 1125 τῆς
1184 1070 1216 1107 τε

203 1147 301 1219 αἱσίας
327 1145 455 1226 ἐμβολῆς
476 1155 529 1225 τῆς
537 1141 589 1230 ¹⁹⁷)
618 1145 752 1208 ἐνταῦθα
774 1144 964 1225 στελλομένης
987 1154 1040 1207 τοῦ
1063 1166 1093 1205 τε
1111 1145 1216 1224 τροφέ·
1281 1160 1284 1173 ·

203 1267 261 1323 μου
288 1252 341 1323 τῆς
362 1238 589 1324 Ἀλεξανδρέων,
611 1242 798 1324 ἐκπεμφθείη
821 1241 894 1304 κατὰ
916 1241 971 1321 τῆν
991 1237 1215 1322 Ἀλεξανδρέων,

203 1339 254 1401 καλ
281 1341 358 1412 δέπας
385 1341 544 1421 παραδοθῇ
572 1347 613 1425 τῷ
639 1339 818 1427 περιβλέπτῳ
842 1339 1059 1425 αὐγοασταλληι,
1085 1337 1136 1400 καλ
1158 1338 1214 1400 οὐκ

202 1429 300 1518 llam)
324 1436 412 1510 αὐτὸς
434 1436 625 1517 προστῆσοιτο
647 1436 770 1516 παντὸς,
794 1428 1116 1518 [άπαιτηθῆσεται]199)
1140 1435 1214 1496 κατὰ

203 1543 291 1614 τριῶν
323 1531 459 1616 άρτάβων
492 1531 592 1616 [ὑπὲρ]
625 1531 749 1596 ἑκάστου
781 1535 960 1615 νομίσματος
990 1543 1043 1595 τοῦ
1072 1534 1153 1594 σίτου
1182 1533 1215 1593 τὸ
1282 1538 1285 1587 ἶ

203 1629 336 1692 ἐλλεῖπον
362 1630 413 1692 καὶ
441 1631 481 1712 μὴ
509 1630 682 1713 παραδοθὲν
706 1631 819 1714 μέτρον.
866 1629 882 1690 δ
906 1628 938 1692 δὲ
960 1631 1103 1702 κίνδυνος
1126 1623 1214 1703 οὗτος

202 1727 240 1790 οὐ
268 1727 349 1811 μέχρι
375 1738 428 1808 τῆς
456 1730 547 1791 αὐτοῦ
576 1729 708 1809 στήσεται
735 1732 811 1809 ζωῆς
837 1726 907 1790 οὐδὲ
935 1726 1016 1809 μέχρι
1037 1736 1090 1807 τῆς
1113 1725 1216 1808 ἀρχῆς,
1284 1742 1286 1751 “

204 1825 277 1887 άλλδι
299 1827 350 1888 καλ
373 1828 492 1906 ἰδιώτης
514 1828 671 1909 γενόμενος
692 1826 743 1890 καλ
765 1826 937 1905 τελευτήσας
960 1823 1141 1907 μακροτέραν
1159 1834 1212 1904 τῆς
1283 1850 1286 1865 ·

201 1961 233 2018 id
264 1960 301 2018 ab
334 1961 399 2036 ipso
431 1961 498 2039 fiat,
530 1964 561 2020 et
587 1962 688 2038 ipsum
714 1962 900 2020 frumentum
926 1962 1151 2036 transportetur
1173 1961 1213 2018 ad

200 2057 305 2115 urbem
328 2057 598 2117 Alexandrinorum
628 2076 725 2133 usque
758 2059 796 2116 ad
822 2059 901 2118 diem
927 2057 1076 2117 decimum
1102 2057 1213 2116 mensis
1283 2068 1285 2077 ’

202 2153 384 2229 Septembris
412 2157 442 2212 et
469 2155 609 2213 tradatur
635 2155 793 2231 spectabili
815 2155 980 2234 Augustali
1008 2156 1058 2214 vel
1088 2155 1130 2213 eis
1159 2154 1213 2230 qui

201 2251 239 2310 eb
267 2270 301 2311 eo
330 2252 368 2311 ad
394 2251 450 2312 hoo
478 2252 616 2329 deputati
640 2256 723 2330 sunt3
751 2253 832 2330 qnod
855 2256 958 2312 eutem
980 2252 1085 2329 largiti
1107 2269 1213 2310 sumus

200 2368 327 2427 magnae
340 2348 612 2411 Alexandrinorum
630 2350 698 2411 urbi
717 2351 748 2409 in
768 2350 942 2434 alimoniam
960 2368 1056 2426 usque
1076 2350 1114 2408 ad
1133 2349 1214 2408 diem

200 2446 349 2506 decimum
376 2448 517 2524 quintum
544 2448 652 2508 mensis
677 2447 821 2508 Octobris
867 2448 949 2506 Illud
977 2447 1056 2505 enim
1083 2447 1114 2504 in
1143 2467 1214 2506 oon-

200 2544 278 2604 fesso
297 2548 351 2622 est,
374 2544 432 2604 nisi
451 2545 539 2605 dietis
557 2546 692 2604 terminis
712 2565 797 2606 omne
816 2546 1010 2622 frumentum,
1033 2547 1097 2604 tam
1115 2545 1214 2604 felicis

200 2642 334 2701 embolae
361 2642 420 2701 huo
447 2642 612 2701 mittendae
635 2662 726 2719 quam
749 2643 909 2703 alimoniae
930 2643 1014 2702 urbis
1036 2642 1215 2701 Alexandri-

200 2758 316 2816 norum,
336 2738 374 2796 ad
391 2738 497 2797 urbem
509 2739 781 2799 Alexandrinorum
798 2740 923 2799 missum
941 2742 972 2799 et
991 2759 1077 2800 omne
1096 2743 1215 2815 speeta-

198 2835 255 2892 bili
277 2834 442 2913 Augustali
464 2836 610 2896 traditum
634 2837 685 2915 sit,
714 2838 801 2914 eique
824 2858 886 2898 non
909 2857 995 2898 omne
1017 2839 1138 2914 praesto
1163 2837 1213 2914 sit,

200 2932 337 3009 exigetur
366 2932 403 2991 ab
430 2933 496 3010 ipso
523 2935 667 2995 frumenti
694 2954 834 2996 mensura
860 2936 997 2995 deficiens
1020 2954 1074 2994 nee
1097 2933 1214 2992 tradita

200 3029 299 3088 tribus
327 3030 439 3089 artabis
461 3052 515 3107 pro
538 3052 721 3110 unoquoque
745 3051 836 3092 aureo
860 3031 1077 3109 computandis.
1124 3029 1214 3100 Quod

198 3127 365 3202 perieulum
389 3149 448 3189 non
472 3129 510 3188 ad
532 3131 628 3189 vitam
650 3130 715 3188 eius
738 3149 835 3206 neque
858 3130 897 3188 ad
920 3129 1215 3188 administrationem

198 3223 332 3303 durabit,
365 3227 416 3285 sed
448 3230 478 3286 et
505 3227 641 3302 privatus
664 3228 763 3286 faetus
790 3230 821 3286 et
848 3227 1008 3286 defunctus
1035 3226 1215 3286 ulteriorem

270 3339 296 3408 *)
315 3339 381 3395 uod.
396 3340 596 3410 παραδιδόναι.
652 3347 715 3413 196)
730 3341 795 3397 eod.
811 3339 828 3411 ἢ
843 3340 1007 3397 nonhabet.
1064 3345 1125 3410 197)
1141 3340 1213 3396 eod.

198 3411 659 3538 {2{'⁶p0m¹⁹1⁸)⁰⁰d'·⁰ff⁷'⁰²⁹g
723 3416 786 3483 199)
804 3413 836 3467 In
854 3413 915 3469 eod.
933 3413 1035 3468 lwuna
1053 3427 1110 3466 non
1128 3412 1215 3466 nota·
1285 3425 1286 3498 ρ

247 3521 253 3533 .
390 3498 662 3552 puraexo1erun.
