2654 3922
506 188 724 251 -49-

104 351 289 430 κακουργίας
312 349 520 431 παρεχόμενον.
565 358 601 434 τῇ
623 349 679 431 γὰρ
703 359 761 410 τῶν
785 350 936 429 δημοσίων
958 353 1122 432 βαλανείων

104 449 245 529 ἐγκαύσει
266 445 316 508 καί
338 452 378 531 τῷ
401 445 610 532 ἀντικανθυίρῳ
636 445 712 524 [καί]
737 453 799 520 τοῖς
822 448 975 526 δημοσίοις
1002 451 1123 522 ναύλοις

104 546 138 620 ἐξ
176 542 281 626 ἑτέρων
318 544 419 605 αἰτιῶν
459 543 618 625 [πρόσοδος
654 542 831 627 ἀφωρίσθη,
868 543 908 618 ὡς
944 556 978 631 τῇ
1016 545 1122 608 ὑποτε-

104 634 313 726 ταγμένχγΓὸθ)
336 639 495 726 ἀπογραφῇ
518 640 592 725 τῷδε
615 646 655 726 τῷ
678 642 753 728 θείῳ
775 642 857 728 νόμω
882 643 1030 721 δηλοῦται.

175 734 295 817 Ἐπειδὴ
324 736 355 800 δὲ
383 737 435 799 τδν
458 738 628 818 Μαρεώτην
656 737 850 819 δπεθήκαμεν
872 745 913 825 τῷ
936 735 1123 827 Λιβυκῷῑῧῖ)

106 837 242 916 κλίματι,
278 835 328 896 καλ
364 835 442 908 εἰκός
477 858 560 908 τινας
593 845 651 896 τῶν
684 835 715 897 ἐκ
747 846 800 916 τῆς
829 831 1043 919 Ἀλεξανδρέων
1074 838 1123 900 ἐπὶ

108 937 284 1014 δημοτικαΐς
312 932 446 995 στάσεσιν
473 930 686 1053 διλισκομένρυς
713 935 835 1015 φεύγειν
857 933 948 996 ἐκεῖσε
972 936 1123 1018 διαδιδρά-

108 1024 295 1113 σκονταςιῧῧ)
323 1029 374 1102 τὰς
401 1028 584 1148 ἐπαγομένας
612 1029 712 1103 αὐτοῖς
740 1031 819 1114 παρδι
846 1042 899 1094 τοῦ
929 1033 1123 1152 περιβλέπτορ

109 1129 327 1210 αυγουσταλίου
363 1127 486 1206 ποινὰς,
521 1128 700 1207 θεσπίζομεν
735 1125 839 1190 δίδειαν
870 1124 947 1190 εἶναι
978 1136 1018 1215 τῷ
1050 1130 1123 1192 κατὰ

106 1226 215 1308 καιρὸν
246 1222 425 1310 περιβλέπτμ
457 1225 658 1310 αὐγουσταλίιμ
686 1223 811 1287 στέλλειν
837 1224 930 1288 ἐκεῖσε
957 1192 1007 1288 ἐπί
1031 1230 1123 1314 ταύτῃ

107 1322 160 1386 καὶ
184 1323 261 1408 μόνγ
283 1332 319 1406 τῇ
342 1322 420 1406 αίιίχι
442 1322 696 1405 κομμενταρήσιον
718 1322 789 1402 μετδι
808 1324 953 1403 δημοσίας
971 1323 1124 1406 ἐπιστολῆς

106 1413 329 1502 γινομένηςλλλ)
347 1418 421 1500 πρὸς
439 1418 490 1480 τὸν
509 1418 651 1498 ἐφέξοντα
669 1419 721 1481 τὸν
740 1421 831 1483 τόπον
851 1431 903 1483 τοῦ
919 1425 1123 1504 λαμπροτάτου

108 1515 251 1599 δίρχοντος
278 1525 331 1596 τῆς
355 1518 480 1597 Λιβύων
507 1515 661 1599 ἐπαρχίας,
689 1516 834 1579 ὥστεκαὶ
857 1518 989 1600 συνέχειν
1012 1520 1122 1594 αὐτοὺς

107 1757 309 1833 praebentem.
341 1757 390 1815 Ad
407 1757 597 1832 publicorum
615 1757 695 1816 onim
708 1757 884 1816 balneorum
898 1758 1124 1818 calefactionem

109 1857 141 1913 et
176 1853 418 1912 anticantharum
450 1857 480 1912 et
510 1853 633 1929 publica
665 1854 757 1912 naula
789 1873 824 1912 ex
852 1853 920 1913 aliis
948 1855 1046 1914 causis
1068 1855 1124 1913 im-

109 1968 221 2027 pensas
245 1950 473 2029 destinavimus,
497 1951 575 2010 siout
599 1951 733 2010 subiecta
755 1951 825 2010 huic
849 1951 967 2012 divinae
990 1953 1052 2031 legi
1075 1953 1124 2012 de-

108 2048 271 2122 scriptione
295 2048 469 2107 ostenditur.

179 2143 213 2219 [§
234 2147 283 2205 15.
307 2146 353 2204 De
374 2147 554 2218 requirendis
576 2150 635 2205 reis
652 2149 685 2205 iu
698 2147 865 2207 Mareotom
884 2146 1121 2223 aufugientibus]

108 2243 259 2313 Quoniam
290 2261 361 2302 vero
388 2243 555 2302 Mareotam
582 2243 695 2318 Libyco
727 2245 840 2302 tractui
868 2245 1060 2322 subiecimus,
1094 2249 1124 2303 et

108 2340 188 2400 forte
221 2340 359 2398 nonnulli
391 2359 427 2399 ex
453 2339 725 2399 Alexandrinorum
756 2341 830 2399 urbe
862 2341 894 2398 in
926 2341 1123 2416 popularibus

109 2436 307 2495 seditionibus
330 2437 505 2512 deprehensi
527 2436 601 2495 illuc
625 2436 750 2513 fugiunt
771 2440 808 2494 nt
831 2436 1000 2495 inferendas
1025 2437 1082 2494 sibi
1106 2457 1124 2496 a

109 2534 269 2609 spectabili
291 2533 455 2611 Augustali
488 2552 600 2609 poenas
632 2534 760 2612 evitent,
793 2533 943 2592 sancimus
970 2533 1124 2592 licentiam

109 2649 174 2690 esse
206 2650 260 2707 pro
292 2633 426 2707 temporo
454 2631 610 2708 spectabili
632 2630 796 2709 Augustali
822 2629 962 2690 mittendi
989 2629 1062 2689 illuc
1086 2631 1123 2690 ob

108 2729 188 2787 hanc
211 2746 333 2787 causam
351 2729 447 2787 solam
466 2729 761 2788 commentariensem
779 2748 847 2788 cum
865 2727 975 2787 litteris
993 2728 1123 2804 publicis

108 2825 151 2884 ad
177 2844 246 2884 aum
276 2825 396 2884 directis
423 2825 477 2901 qui
504 2824 662 2884 clarissimi
684 2826 829 2900 praesidis
853 2825 1010 2926 eparchius
1033 2827 1124 2903 Liby·

183 3048 245 3127 136)
269 3047 301 3100 In
329 3045 391 3102 cod
418 3045 522 3101 lacum
544 3063 602 3100 non
623 3064 659 3101 no
661 3049 747 3103 t.atur
783 3046 839 3101 Sed
862 3046 1026 3102 exciderunt
1048 3063 1121 3127 quae

107 3116 242 3187 supplem
262 3117 308 3171 vel
330 3116 375 3170 his
399 3115 511 3171 similia.
547 3116 689 3171 Nimirum
710 3119 875 3186 imperator,
898 3117 1077 3186 postquam
1069 3135 1121 3170 nm·

108 3203 213 3258 pensas
231 3203 264 3241 ex
277 3187 363 3242 titulo
376 3196 426 3242 τοῠ
441 3183 594 3269 ἐξαγωγίου
607 3187 752 3242 faciendas
767 3187 956 3242 restrinxitt
928 3203 942 3240 e
971 3186 1083 3256 August
1071 3187 1124 3241 tali

108 3258 194 3328 plura
206 3257 336 3326 praeberi
349 3257 441 3327 iussit,
460 3257 595 3339 impensis
613 3275 665 3328 pro
679 3257 845 3314 balneorum
859 3257 1044 3313 calefactione
1059 3259 1122 3325 eto,

108 3345 182 3397 quas
196 3331 292 3382 tantas
306 3332 427 3398 quantas
434 3300 510 3384 olim
526 3329 588 3382 fieri
601 3328 700 3396 voluit,
720 3329 840 3384 aliorum
853 3328 1001 3383 titulorum
1014 3327 1123 3382 reditus

109 3399 278 3490 assignavit
373 3403 435 3468 137)
464 3398 531 3454 eod.
559 3400 617 3454 fere
645 3401 733 3472 todia
762 3399 868 3456 scribit.
966 3401 1028 3469 138)
1057 3399 1125 3453 Cod

108 3469 259 3540 διαδραακ.
333 3473 395 3542 139)
413 3469 479 3525 cod.
499 3469 657 3540 γινόμενον

166 3569 560 3620 zachariaeshingenthal.
896 3565 913 3612 4
