2654 3922
530 183 750 248 -23-

35 410 49 438 ·
132 393 133 398 τ
198 341 318 426 Ἐπειδὴ
347 340 379 408 δὲ
406 339 426 424 ἡ
456 342 504 406 ἐπὶ
530 354 583 425 τῆς
610 345 708 417 αἰσίοις
735 343 862 426 ἐμβολῆς
889 344 1012 426 φροντὶς
1035 361 1149 425 συνημ-

132 441 225 522 μένον
247 466 277 504 τε
299 443 349 506 καί
373 442 534 525 ἀχάριστον
551 442 608 523 ἔχει
626 441 677 503 τὸν
695 451 754 504 τῶν
772 444 892 504 ναόίων
910 443 1017 522 τίτλον,
1040 443 1147 523 βουλό-

132 547 214 620 μεθα
240 540 291 602 καί
319 539 449 622 τδι’περὶ
471 541 579 602 τούτου
602 540 800 619 διατυπῶσαι,
828 539 900 602 ὥστε
923 537 1084 621 ὁλόκληρον
1107 545 1147 624 τῷ

132 639 282 719 πράγματι
307 638 358 700 καὶ
385 637 596 719 προσήκουσαν
626 635 777 698 ἐπιθεῖναι
803 637 858 716 τὴν
886 637 1046 719 πρόνοιαν·
1078 633 1149 710 τέοος

133 727 191 797 οὖν
214 737 266 797 τὸν
289 745 348 797 τῶν
370 737 489 798 ναύίοιν
511 733 679 813 άποδέκτην
701 734 873 815 βουλόμεθα
892 733 932 815 μὴ
951 733 1055 796 άδειαν
1073 732 1148 814 ἔχειν

124 842 224 894 πᾶσιν
256 831 361 895 ἑαυτὸν
389 831 580 914 έπεμβάλλειν
606 837 668 904 τοῖς
696 832 851 912 δημοσίοις
877 830 983 911 τέλεσι,
1014 832 1067 892 καί
1091 848 1150 892 τισι

123 927 187 1010 μὲν
222 939 282 992 τῶν
321 929 506 992 ὑπευθύνων
538 927 689 991 ἐνδιδόναι
719 928 769 990 καί
800 929 836 990 τὰ
865 931 1033 1009 καλούμενα
1063 927 1149 990 ἐνδο-

130 1021 287 1111 ματικδιέθ)
310 1028 484 1108 κομίζεσθαι
505 1025 555 1088 καί
577 1024 718 1088 ἐντεῦθεν
740 1037 794 1088 τοῦ
818 1026 964 1106 δημοσίου
987 1026 1147 1110 ῥᾳθυμεῖν,

131 1123 251 1206 ἑτέρους
275 1122 307 1186 δὲ
329 1123 408 1205 παρὰ
431 1123 463 1186 τὸ
487 1132 640 1205 προσῆκον
662 1123 855 1204 εἰσπράττειν,
876 1122 926 1185 καὶ
948 1128 1050 1184 πλεῖον
1068 1121 1089 1202 ἢ
1107 1121 1148 1196 ὥς

128 1215 322 1304 actaeone)
355 1220 407 1282 καί
437 1220 516 1297 παρὰ
543 1220 614 1293 τοὺς
640 1218 871 1301 νενομισμένους
901 1219 1065 1302 [κατροδς],
1097 1220 1148 1281 καὶ

130 1319 276 1381 ἐντεῦθεν
303 1319 465 1400 λαμβάνειν
492 1317 634 1400 ἀφορμήν
660 1317 763 1379 τεκαὶ
785 1315 880 1400 ἀρχὴν
902 1328 955 1398 τῆς
978 1328 1031 1380 τοῦ
1054 1318 1147 1400 πράγ-

130 1439 223 1496 ματος
259 1417 440 1497 συγχύσεως,
476 1414 509 1476 τὸ
541 1413 596 1495 μὲν
627 1413 827 1496 ἀπαραίτητον
863 1425 923 1476 τῶν
955 1416 1073 1477 ναύλων
1102 1413 1147 1476 ἀεὶ

129 1513 377 1595 προτεινόμενον,
406 1519 446 1598 τῷ
475 1510 506 1573 δὲ
534 1511 738 1598 συγκεχυμένῳ
765 1512 820 1591 τὴν
847 1512 954 1575 ἒαντοῶ
983 1514 1148 1594 θεραπείαν

130 1617 289 1692 θηρῶντα,
317 1609 367 1672 καί
390 1609 637 1691 ὑπερφρονοῦντα
660 1607 714 1688 μὲν
735 1618 795 1670 τῶν
817 1611 965 1691 τραπεζῶν
987 1619 1041 1672 τοῦ
1065 1611 1147 1671 δικα-

128 1708 254 1787 στηρίου
286 1717 340 1770 τοῦ
372 1716 442 1787 σοῦ,
476 1705 586 1787 δμοίεος
618 1703 650 1766 δέ
682 1705 798 1767 ἅπαντα
825 1705 950 1787 κέρδους
979 1707 1064 1786 χάριν
1088 1701 1143 1786 ὑφ’

128 1805 237 1867 έαυτδν
263 1810 415 1867 ποιεῖσθαι
442 1804 617 1865 σπεύδοντα.
662 1801 762 1881 ἐπειδὴ
785 1804 889 1865 τοίνυν
911 1801 932 1884 ἡ
956 1803 992 1882 σὴ
1016 1801 1144 1886 ὑπεροχὴ

199 1981 231 2059 [ξ
248 1986 276 2042 7.
298 1983 466 2042 Nouiorum
484 1979 604 2059 titulus]
639 1983 788 2054 Quoniam
806 2002 876 2042 vero
895 1983 991 2043 felicis
1011 1983 1145 2043 embolae

127 2100 203 2142 cura
231 2099 396 2140 connexum
422 2099 477 2140 nec
504 2083 678 2156 separatum
705 2081 796 2140 habet
822 2083 984 2141 naulorum
1010 2081 1145 2158 titulum,

127 2179 270 2238 volumus
298 2178 391 2236 etiam
418 2197 496 2253 quae
523 2178 561 2237 ad
584 2179 684 2254 ipsum
706 2178 859 2254 pertinent
882 2178 1016 2257 definire,
1043 2180 1080 2236 ut
1101 2179 1146 2237 rei

127 2276 217 2352 plene
240 2275 509 2351 convenienterque
532 2275 742 2350 prospiciatur.
778 2275 928 2334 Volumus
952 2275 1048 2353 igitur
1070 2295 1145 2334 nau·

128 2375 229 2432 lorum
256 2371 422 2448 susceptori
445 2391 505 2431 non
528 2372 616 2431 licere
641 2371 779 2430 omnibus
803 2388 866 2430 sese
896 2372 1061 2431 immiscere
1089 2392 1145 2448 pu-

127 2470 215 2529 blicis
244 2469 378 2543 tributis,
407 2470 438 2528 et
464 2469 617 2528 nonnullis
643 2467 707 2528 fisci
730 2467 915 2527 debitoribus
938 2468 1090 2528 remittere
1115 2472 1146 2528 et

127 2587 209 2644 quae
245 2563 422 2643 ἐνδοματικδι
458 2568 606 2626 vocantur
640 2565 791 2642 percipere
829 2565 957 2642 indeque
989 2564 1144 2640 publicum

127 2665 296 2742 neglegere,
320 2663 357 2722 ab
381 2662 448 2722 aliis
471 2683 541 2723 vero
565 2667 684 2740 praeter
706 2664 738 2721 id
761 2663 841 2738 quod
861 2663 1001 2723 convenit
1018 2662 1144 2741 exigere,

127 2765 197 2820 tum
214 2762 304 2837 plura
319 2779 411 2836 quam
425 2762 514 2819 antea
527 2763 595 2819 tum
608 2763 728 2836 praeter
741 2763 885 2820 consueta
899 2763 1044 2838 tempora,
1063 2761 1145 2820 inde·

126 2878 188 2935 que
208 2857 394 2918 occasionem
416 2876 533 2916 sumere
556 2860 587 2916 et
609 2858 732 2916 initium
750 2857 974 2917 confimdendae
992 2859 1045 2936 rei,
1065 2859 1146 2935 quod

126 2955 223 3014 naula
249 2974 309 3014 non
338 2954 455 3030 possint
482 2954 594 3014 differri
622 2973 739 3031 semper
765 2955 985 3033 praetendenti,
1013 2975 1050 3015 ex
1076 2976 1145 3015 con·

125 3052 247 3112 fusione
270 3071 341 3112 vero
365 3071 454 3110 suum
477 3051 573 3127 ipsius
596 3053 786 3113 commodum
809 3052 954 3130 captanti,
977 3055 1009 3111 et
1026 3070 1144 3110 mensas

128 3149 253 3226 quidem
271 3149 319 3206 tui
336 3149 498 3208 tribunalis
516 3149 700 3227 despicienti,
725 3149 817 3208 simili
835 3169 905 3209 vero
925 3148 1024 3207 animo
1044 3149 1144 3208 omnia

126 3247 206 3314 lucri
234 3265 326 3306 causa
354 3246 411 3305 sibi
439 3245 571 3306 subicere
600 3247 728 3307 conanti.
775 3247 841 3306 Iam
865 3249 1027 3322 postquam
1050 3246 1145 3304 excel·

200 3401 247 3467 48)
267 3397 333 3452 cod.
356 3403 397 3465 10,
420 3403 459 3464 19,
479 3403 505 3452 9.
589 3400 634 3467 49)
655 3396 721 3453 eod.
741 3399 790 3452 καί
808 3399 936 3460 πλείονες
953 3397 989 3460 ῶς
1008 3396 1143 3466 βιότερον.

125 3469 195 3524 Mox
214 3467 345 3538 supplevi
363 3469 478 3538 καιροὺς
495 3470 561 3538 post
578 3466 808 3539 νενομισμένους;
829 3468 869 3522 sic
887 3467 961 3524 enim
980 3484 1065 3537 supra
1083 3474 1098 3534 ξ
1119 3475 1144 3523 ὅ.
