2654 3922
604 183 823 248 -50-.

206 347 257 408 καλ
279 346 479 428 παραδιδόναι
502 345 552 407 διὰ
570 353 629 406 τῶν
648 339 703 422 ὑφ’
723 342 829 406 ἑαυτὸν
847 345 997 418 ταξεοιτῶν
1015 367 1044 405 τε
1064 343 1116 405 καλ
1135 362 1229 426 στρα-

206 454 327 524 τιωτῶν,
350 444 400 505 λ’να
422 440 526 522 μηδείς
548 450 607 504 τῶν
630 442 793 522 δημοσίους
815 442 971 524 θορύβους
988 441 1062 503 κατὰ
1076 437 1228 522 τὴνἈλε-

206 539 357 623 ξανδρέιον
383 541 552 603 ποιούντων
575 538 668 601 ἐκεῖσε
690 538 894 621 διαδιδράσκοι
915 536 966 600 καλ
988 539 1039 612 τὰς
1062 549 1116 602 τοῦ
1140 562 1228 622 περι-

206 637 331 720 βλέπτου
363 635 578 718 αύγουσταλίου
606 629 822 719 διαφεύμοιλω)
854 635 976 716 ποινδις,
1007 635 1083 718 πρὸς
1110 638 1143 701 τὸ
1170 639 1228 700 καὶ

207 735 287 820 αὐτῷ
296 727 349 817 141)
375 739 414 819 τῷ
443 740 504 807 τοῖς
531 732 622 795 ἐκεῖσε
650 732 765 816 μέρεσιν
792 732 932 812 ἕφεστῶτι
959 731 1064 796 ἄδειαν
1090 729 1168 798 εἶναι
1198 737 1233 798 εἴ

208 856 292 906 τινας
315 832 398 914 εύροι
419 830 573 903 τοιούτους
591 829 642 892 καλ
660 829 793 911 συνέχειν
810 828 860 892 καλ
878 831 1021 912 κολάζειν,
1042 832 1227 908 minervale
1313 891 1314 924 ρ

208 929 263 1009 τὴν
285 922 442 1011 ecquem)
468 927 647 1010 ἐλευθεροῦν
670 926 787 1001 αύτούς.
832 927 881 989 ἐπί
903 929 1018 1001 τούτοις
1038 930 1144 992 τοίνυν
1166 932 1227 1012 τὴν
1313 933 1314 968 l

208 1026 367 1110 εἰρημένην
387 1025 483 1108 ἀρχὴν
502 1023 647 1107 ὁρίζομεν,
669 1024 721 1086 καὶ
739 1033 921 1106 συνιστδομεν
939 1035 1031 1088 ταῦτα
1048 1029 1226 1109 πράξουσαν

208 1125 282 1208 ύπερ
310 1123 343 1186 ἐν
370 1124 444 1209 τῷδε
471 1128 512 1208 τῷ
539 1123 621 1210 νόμῳ
649 1123 839 1204 διωρίσαμεν·
867 1121 947 1184 ἔσται
972 1123 1029 1206 γὰρ
1052 1125 1146 1199 οὕτως
1168 1128 1224 1190 καὶ

206 1221 355 1303 αύτιίρκης
386 1217 406 1300 ἡ
439 1219 562 1302 φροντίς
589 1225 638 1305 τῷΙ
659 1219 805 1302 πράγματι
831 1219 882 1281 καί
908 1221 1097 1302 πανταχόθεν
1123 1245 1224 1306 περιε·
1313 1239 1314 1312 3

207 1317 350 1399 σταλμίνη
373 1316 423 1378 καλ
446 1319 701 1398 διευκρινηθεῖσα,
728 1316 778 1379 καί
801 1318 947 1397 μηδεμίαν
969 1317 1137 1401 παρέχουσα
1158 1328 1225 1395 τοῖς
1313 1321 1314 1388 }

205 1412 399 1496 βουλομένοις
422 1415 589 1495 συγχύσεως
611 1414 661 1476 καλ
683 1419 796 1495 κλοπῆς
818 1413 968 1497 ἀφορμήν.

205 1631 291 1674 orum
318 1611 419 1670 locum
446 1610 605 1690 obtinebit,
637 1614 674 1670 ut
700 1611 769 1670 illos
792 1613 823 1670 et
850 1612 1080 1688 comprehendat
1108 1618 1139 1674 et
1165 1637 1223 1692 per

204 1709 347 1770 officiales
382 1709 438 1769 sibi
471 1709 620 1769 subiectos
648 1710 679 1768 et
705 1708 817 1767 milites
844 1710 959 1788 tradat,
991 1729 1028 1769 ne
1056 1712 1220 1790 quisquam
1313 1713 1314 1766 ζ

205 1827 309 1869 eorum
346 1809 399 1884 qui
430 1807 567 1885 publicos
599 1809 751 1867 tumultus
783 1807 814 1865 in
841 1809 1113 1872 Alexandrinorum
1144 1816 1220 1875 urbe

204 1904 353 1964 moverint
380 1905 453 1964 illuc
481 1905 622 1983 aufugiat
652 1908 683 1964 et
708 1924 821 1981 poenas
843 1908 1015 1982 spectabilis
1037 1910 1221 1990 Augustalis
1313 1923 1314 1970 t

204 2002 309 2059 evitet:
339 2001 462 2076 insuper
489 2005 520 2059 et
547 2001 605 2077 ipsi
629 2001 683 2077 qui
705 2001 771 2060 istis
794 2003 931 2080 partibus
953 2011 1073 2081 praeest
1095 2009 1221 2070 licentia

204 2097 262 2156 erit
289 2096 315 2155 si
343 2115 418 2174 quos
445 2097 522 2156 tales
553 2097 702 2156 invenerit
724 2101 755 2157 et
777 2102 1023 2178 comprehendere
1047 2108 1078 2164 et
1100 2107 1219 2186 punire,
1313 2085 1314 2116 ³

203 2195 248 2252 ita
271 2197 309 2252 ut
331 2193 529 2254 communiter
550 2194 573 2252 ii
599 2193 752 2273 regionem
774 2197 909 2258 liberent.
954 2200 1003 2259 Ad
1024 2201 1098 2262 haec
1121 2203 1220 2282 igitur
1313 2249 1314 2254 η

204 2290 315 2351 dictam
345 2292 635 2352 administrationem
668 2291 838 2373 definimus,
875 2299 906 2354 et
937 2299 1149 2360 constituimus
1180 2305 1218 2361 ut

204 2408 281 2468 quae
308 2390 340 2448 in
365 2390 422 2450 hac
449 2391 515 2468 lege
543 2390 753 2466 descripsimus
780 2392 886 2452 faciat:
914 2393 956 2454 sic
984 2396 1064 2455 enim
1090 2401 1122 2457 et
1144 2418 1219 2459 cura
1313 2447 1314 2460 ,

202 2485 261 2564 ipsi
279 2487 332 2547 ,rei
359 2487 509 2548 sufficiens
537 2488 595 2546 erit
622 2490 652 2547 et
679 2489 812 2565 undique
836 2491 1001 2567 composita
1024 2496 1055 2552 et
1077 2495 1219 2575 discreta,
1313 2559 1314 2572 ρ

202 2585 378 2661 nullamque
401 2585 440 2644 ad
463 2583 668 2644 confusionem
690 2588 721 2644 et
743 2586 860 2645 furtum
883 2590 1068 2650 occasionem
1090 2591 1137 2650 his
1161 2592 1217 2668 qui
1313 2587 1314 2640 Ϊ

203 2682 234 2741 id
257 2681 409 2742 voluerint
430 2679 593 2756 praebebit.

276 2867 337 2935 140)
366 2863 433 2920 Ood.
462 2865 618 2936 διαφεύγει.
710 2871 771 2937 141)
800 2869 866 2924 eod.
899 2871 970 2942 πρὸς
997 2872 1028 2927 τὸ
1061 2873 1111 2928 καλ
1137 2875 1217 2931 αὐτὸ.
1313 2869 1314 2918 Ϊ

205 2938 267 3005 142)
290 2935 357 2991 Ood.
380 2945 478 2991 κοινοῦ
500 2936 551 3019 τὴν
576 2944 680 3008 χιῖραν.
716 2939 855 3010 Intellege
877 2941 1064 3012 Augustalem
1087 2947 1117 2998 et
1134 2961 1217 3014 prae·
1313 2983 1314 2988 κ

203 3005 292 3060 sidem
311 3005 419 3076 Libyae
437 3023 499 3062 reos
519 3009 603 3062 s1mul
620 3012 831 3080 persequentes.
