2654 3922
501 186 720 250 ..33-

99 348 257 432 τραπέζαις
281 357 333 428 τῆς
356 359 409 429 σῆς
432 348 589 430 ὑπεροχῆς,
612 358 646 432 τῇ
670 371 699 409 τε
720 357 822 432 γενικῇ
845 357 880 433 τῇ
902 371 930 409 τε
953 347 1044 431 ἰδικῇ,
1067 347 1118 409 καὶ

101 456 168 521 τοῖς
190 446 290 520 ἄλλοις
312 445 478 508 ἐπιδιδόναι
501 441 546 518 οἷς
568 445 608 507 δν
630 445 719 518 αὐτὸς
743 445 964 519 διατοπώσειας.

168 542 269 625 Ἡμεῖς
297 542 329 604 δὲ
356 545 550 623 θεσπίζομεν,
583 541 717 624 ἀνάγκην
744 541 819 622 ἔχειν
846 543 897 604 τὸν
925 545 1117 625 περίβλεπτον

101 642 319 724 αὐγοοστάλιον
345 641 395 703 καὶ
421 640 583 721 ἐπαμύνειν
609 646 670 713 τοῖς
693 663 723 701 τε
745 640 825 720 παρὰ
846 650 900 702 τοῦ
924 651 978 702 σοῦ
1001 641 1117 721 θρόνου

102 736 306 818 στελλομένοις
329 739 371 811 εἰς
393 748 479 800 τοῦτο
502 737 550 799 καὶ
573 743 636 810 τοῖς
653 744 839 819 τρακτεοταῖς
856 737 908 799 καὶ
926 740 1118 818 σκρινιαρίοις

104 835 171 916 ἤτοι
201 843 242 921 τῷ
275 841 438 916 πληροῦντι
466 835 517 898 τὸν
544 835 643 898 αὐτῶν
670 835 761 897 τόπον
788 833 836 896 ἐπὶ
863 841 927 908 ταῖς
954 837 1119 915 εἰσπράξεσι

107 940 173 1007 ταῖς
210 931 335 1015 ὁρώσαις
372 933 480 1006 αὐτοὺς
515 932 565 994 καὶ
602 933 643 1006 εἰς
679 931 735 1011 τὴν
772 931 894 1013 γενικὴν
933 932 983 994 καὶ
1019 933 1119 1012 ἰδικὴν

106 1024 390 1113 ἀναφερομέναιςῗδ)
419 1031 572 1111 τράπεζαν.
618 1032 645 1092 εἰ
674 1030 706 1092 δέ
732 1053 814 1104 τινας
841 1032 973 1112 συμβαίη
1001 1040 1060 1092 τῶν
1087 1030 1120 1092 ἐκ

106 1139 167 1192 τῶν
197 1127 359 1208 εἰρημένων
385 1138 488 1209 χωρῶν
515 1127 700 1209 ἀγνωμονεῖν
726 1126 794 1208 περὶ
820 1127 851 1189 τὸ
881 1128 1039 1207 δημόσιον,
1069 1129 1121 1189 καί

105 1250 173 1288 Ιτινα
190 1225 319 1306 ταραχὴν
336 1232 496 1307 πειρᾶσθαι
513 1232 611 1287 ποιεῖν
629 1226 680 1287 ἴνα
698 1226 874 1306 διαφύγοιεν
888 1223 943 1304 τὴν
956 1226 1119 1306 εἴσπραξιν,

106 1323 286 1403 θεσπίζομεν
314 1320 418 1384 ἄδειαν
440 1321 515 1403 ἔχειν
537 1323 589 1385 τὸν
612 1316 837 1406 conservulum)
860 1320 925 1402 ἤτοι
947 1323 1017 1395 τοὺς
1040 1339 1118 1403 σκρι-

106 1421 243 1502 νιαρίονς
265 1418 331 1498 ἢτοι
353 1420 404 1481 τὸν
427 1419 567 1501 ἐπέχοντα
590 1420 644 1499 τὴν
666 1414 796 1504 raficum)
819 1420 918 1482 αὐτῶν
937 1421 1012 1500 δῆλα
1030 1430 1121 1481 ταῦτα

105 1524 254 1579 καθιστᾶν
276 1523 317 1602 τῷ
340 1519 632 1602 μεγαλοπρεπεστᾶτρι
655 1518 867 1604 αιἰγονσταλίρι,
890 1517 942 1580 τὸν
966 1515 998 1578 δὲ
1022 1517 1120 1603 οἰκείῳ

106 1615 240 1700 κινδύνῳ
271 1613 322 1676 καὶ
353 1624 406 1694 τῆς
437 1613 619 1695 πειθομένης
651 1615 730 1699 αὐτῷ
758 1616 864 1690 τάξεως
891 1615 1120 1695 καταναγκάζειν

106 1712 178 1784 τοὺς
206 1713 378 1794 στρατιώτας
405 1710 531 1791 ἀμύνειν
561 1718 601 1796 τῷ
628 1712 786 1793 πράγματι,
813 1710 864 1772 καὶ
891 1709 1023 1790 συνέχειν
1050 1711 1120 1782 τοὺς

106 1903 176 1958 tum
208 1900 340 1977 generali
371 1902 438 1958 tum
470 1898 605 1977 speciali,
638 1899 765 1975 aliisque
798 1899 915 1958 tradere
948 1899 1058 1974 quibus
1086 1900 1122 1956 tu

105 1997 180 2055 dare
204 1997 402 2056 constitueris.

179 2090 211 2169 [ξ
237 2097 285 2154 10,
318 2095 365 2153 Dc
386 2091 561 2168 Aupuslolls
588 2092 753 2170 οδιιιίονιο]
804 2095 867 2154 Nos
895 2097 999 2154 autem
1027 2095 1121 2153 sanci-

107 2207 178 2250 mus
206 2190 398 2266 spectabilem
421 2190 621 2268 Augustalem
648 2209 766 2250 necesse
788 2191 897 2250 habere
921 2193 1013 2251 etiam
1037 2211 1124 2267 opem

108 2289 188 2347 ferre
215 2289 279 2346 tam
306 2288 348 2346 eis
377 2287 430 2364 qui
453 2288 569 2346 adhoc
593 2307 611 2346 a
633 2289 740 2347 throno
764 2290 818 2347 tuo
841 2288 1007 2347 mittuntur
1031 2308 1122 2365 quam

108 2384 326 2443 tractatoribus
354 2387 384 2444 et
406 2383 568 2444 scriniariis
592 2385 654 2443 sive
677 2384 705 2443 ci
729 2384 781 2460 qui
804 2404 908 2443 eorum
930 2385 1030 2444 locum
1053 2404 1123 2461 sup-

107 2481 176 2558 plet
194 2482 226 2539 in
244 2481 447 2541 exactionibus
467 2482 505 2540 ad
518 2482 599 2558 ipsos
613 2480 841 2556 respicientibus
856 2484 887 2540 et
901 2481 939 2540 ad
953 2484 1123 2560 generalem

108 2581 143 2638 et
171 2578 330 2654 specialem
356 2597 490 2638 mensam
512 2578 682 2638 referendis.
729 2578 761 2637 Si
785 2597 860 2654 quos
883 2598 953 2638 vero
978 2598 1013 2638 ex
1035 2579 1123 2639 dictis

110 2675 271 2735 territoriis
294 2676 444 2751 improbos
468 2677 546 2735 circa
569 2675 725 2752 publicum
748 2695 810 2736 esse
834 2676 995 2755 contigerit
1017 2680 1047 2735 et
1071 2676 1124 2734 ali-

111 2792 204 2848 quem
221 2774 389 2831 tumultum
407 2773 535 2832 excitare
554 2776 591 2831 ut
604 2773 789 2833 exactionem
802 2774 956 2852 effugiant,
976 2775 1126 2834 sancimus

110 2869 266 2929 licentiam
290 2889 352 2930 esse
375 2871 533 2930 mactatori
556 2871 617 2929 sive
642 2871 802 2930 scriniariis
826 2872 888 2932 sive
908 2872 935 2931 ei
955 2872 1008 2948 qui
1026 2872 1126 2932 locum

111 2985 219 3026 eorum
246 2967 361 3027 obtinet
387 2967 460 3027 haec
488 2968 648 3027 manifesta
675 2969 804 3028 faciendi
831 2968 1125 3047 magnificentissimo

111 3065 291 3142 Augustali,
320 3065 373 3141 qui
400 3064 448 3123 sui
471 3065 565 3141 ipsius
589 3067 620 3124 et
643 3065 734 3124 officii
757 3065 814 3125 sibi
836 3066 970 3141 parentis
992 3065 1125 3140 periculo

111 3161 226 3220 milites
249 3163 338 3239 cogat
361 3180 531 3221 succurrere
549 3161 594 3220 rei
612 3165 642 3220 et
661 3163 906 3239 comprehendere
925 3161 1076 3238 improbos
1095 3164 1126 3220 et

188 3331 233 3399 78)
251 3328 317 3384 bod
345 3327 575 3411 tonosconleros.
654 3332 698 3399 79)
726 3329 874 3398 Singulare
903 3331 947 3384 est
973 3330 1048 3398 quod
1076 3329 1125 3383 τὸν

113 3399 268 3469 τήακκεοτ
271 3419 287 3454 ν
251 3399 441 3469 scnbrtur
457 3400 522 3454 dum
538 3399 603 3454 aliis
613 3399 683 3454 locis
692 3400 796 3470 lurali
805 3416 920 3455 numero
931 3399 1127 3455 exhibeantur.

113 3420 203 3524 lblui
221 3472 317 3526 tamen
336 3471 491 3539 quidquam
508 3472 627 3525 mutare.
699 3477 745 3541 80)
764 3471 854 3540 Supra
873 3475 917 3526 est
934 3472 983 3528 τὸν
1002 3470 1098 3526 τόπον.

170 3569 333 3611 zachariae
347 3570 429 3611 slsln
435 3570 562 3620 genthal.
900 3570 914 3615 3
