2654 3922
581 192 802 255 „24-

184 353 282 414 πάντα
305 351 464 435 ἀμρύπνως
487 351 678 432 διοικουμένη
701 353 834 426 ἐδίδαξεν
857 348 951 432 ἡμᾶς,
975 351 1044 425 ὅσος
1068 353 1205 434 συλλογί-
1281 407 1289 432 ,

185 451 262 521 ζεται
289 459 347 510 τῶν
374 451 493 512 ναύλων
519 448 621 512 κανδιν
649 447 665 511 δ
693 449 726 512 ἐκ
747 459 800 530 τῆς
820 445 1035 530 Ἀλεξανδρέων
1057 452 1205 531 χορηγού-

186 569 275 626 μενος
298 547 340 620 είς
363 547 553 627 νομισμάτων
576 547 722 629 μυριάδας
745 546 832 627 ὀκτὼ,
855 541 904 609 ola
921 545 971 607 καί
987 556 1041 627 τῆς
1059 547 1204 628 εὐτυχοῦς

185 645 394 724 σιτοπομπείας
416 644 459 717 εἰς
483 641 656 718 ὀκτακοσίας
680 637 873 727 μυριάδαςῦο)
898 645 1070 723 συνιούσης,
1093 643 1203 724 βουλό-

185 746 264 820 μεθα
291 740 343 814 τὰς
367 738 441 802 datin
463 742 572 814 ταύτας
595 741 741 824 μυριάδας
764 751 824 802 τῶν
848 741 1036 821 νομισμάτων
1060 741 1204 802 δίδοσθαι

184 843 225 922 τῷ
253 847 313 899 τῶν
339 839 458 900 ναύλων
485 837 633 925 άποδέκτη
662 837 776 900 ἐκτῶν
798 831 1088 921 δποτεταγμένωνω)
1111 836 1203 919 ἐπαρ-

184 944 257 1015 χιῶν
278 934 330 998 καλ
347 937 462 998 πόλεων
479 935 530 997 καὶ
547 936 646 998 τόπων
664 936 714 998 καλ
733 929 958 1017 προσώπων·5ῗ)
976 934 1026 996 διὰ
1045 944 1131 996 τοῦτο
1144 933 1204 1015 γὰρ

185 1031 218 1093 ἐν
259 1031 397 1115 εὐπόροις
438 1032 642 1114 ἐποιησάμεθα
677 1033 733 1113 την
769 1034 909 1112 τοιαύτην
944 1030 1086 1113 ἐκτομὴν,
1129 1031 1205 1092 ὥστε

184 1124 323 1214 μηδένῧθ)
346 1136 495 1204 παντελῶς
518 1131 588 1211 μήτε
610 1130 640 1204 έξ
664 1130 813 1212 ἀναβολῆς
836 1130 907 1210 μήτε
925 1129 955 1204 ἐξ
973 1128 1129 1207 ἐλλείψεως
1146 1138 1203 1208 τῆς

185 1228 283 1300 αίσίας
305 1229 515 1308 σιτοπομπείας
537 1227 685 1309 γενέσθαι.
722 1225 738 1289 ὁ
762 1225 860 1308 μέντοι
882 1227 1072 1309 περίβλεπτος
1090 1225 1205 1306 αιἰγου·

184 1325 300 1397 στάλιος
322 1323 373 1386 καὶ
395 1322 415 1403 ἡ
438 1323 605 1403 πειθομένη
627 1325 708 1399 τάξις
730 1325 821 1410 αὐτῷ,
843 1324 917 1386 κατὰ
940 1325 1011 1403 μίαν
1030 1321 1070 1395 ὡς
1088 1323 1204 1403 εἴρηται

184 1419 328 1500 γενομένη
351 1421 524 1502 συστροφήν
546 1443 577 1483 τε
598 1421 649 1483 καλ
671 1420 777 1483 ἕνωσιν
799 1421 832 1484 έκ
854 1444 884 1483 τε
906 1431 966 1482 τῶν
989 1422 1203 1502 αίιγουσταλια-

184 1526 247 1578 νῶν
276 1516 308 1578 ἔκ
335 1540 365 1578 τε
391 1527 450 1580 τῶν
478 1517 630 1601 προτέρων
658 1519 821 1598 δουκικῶν,
848 1519 900 1592 τδις
927 1519 1091 1599 εἰσπράξεις
1114 1517 1203 1596 ποιή·

185 1723 280 1782 lentia
311 1726 367 1782 tua
401 1723 565 1802 vigilanter
597 1727 707 1785 cuncta
740 1723 953 1782 administrans
985 1739 1040 1782 nos
1072 1721 1203 1799 edocuit,

185 1820 266 1896 quod
294 1822 454 1881 naulorum
482 1841 578 1883 canon
606 1842 643 1882 ex
665 1821 938 1881 Alexandrinorum
959 1819 1033 1878 urbe
1057 1819 1202 1878 submini-

187 1919 301 1975 stratus
325 1920 519 1994 computatur
542 1918 580 1977 ad
604 1919 758 1996 octoginta
780 1918 865 1977 milia
888 1936 1060 1994 aureorum,
1089 1917 1203 1992 quippe

185 2013 267 2072 felici
299 2014 444 2074 immenti
470 2015 610 2075 missione
639 2016 677 2073 ad
705 2015 837 2093 octogies
869 2017 995 2075 centena
1021 2014 1106 2072 milia
1133 2033 1203 2090 pro-

185 2110 316 2188 cedente,
339 2111 399 2170 ista
423 2113 576 2190 octoginta
598 2112 683 2170 milia
707 2131 867 2172 aureorum
890 2132 926 2171 ex
951 2111 1093 2172 subiectis
1116 2130 1203 2186 epar·

186 2208 260 2267 chiis
290 2211 320 2267 et
342 2209 468 2268 urbibus
491 2213 521 2268 et
544 2209 617 2269 locis
641 2212 672 2268 et
693 2210 827 2285 personis
851 2210 1012 2268 naulorum
1036 2207 1202 2284 susceptori

186 2304 251 2364 dari
278 2307 432 2366 volumus:
465 2307 532 2366 ideo
560 2307 713 2366 mimirum
740 2307 817 2367 hanc
843 2305 1062 2385 delegationem
1084 2307 1202 2384 largam

185 2404 319 2482 fecimus,
342 2425 379 2464 ne
403 2405 477 2482 quid
500 2405 620 2466 omnino
643 2424 698 2464 neo
721 2424 756 2463 ex
779 2403 923 2464 dilatione
946 2423 1000 2463 nec
1024 2423 1060 2462 ex
1082 2403 1202 2461 defectu

185 2501 282 2560 felicis
300 2501 450 2562 missionis
469 2502 613 2562 immenti
632 2501 756 2561 accidat.
786 2501 965 2577 Spectabilis
979 2503 1082 2560 autem
1095 2499 1203 2577 Augu-

186 2599 271 2658 stalis
296 2601 326 2658 et
350 2600 431 2674 quod
453 2599 481 2658 ei
503 2602 591 2674 paret
613 2597 759 2676 officium,
783 2598 821 2658 ad
843 2617 937 2657 unam
959 2601 996 2656 ut
1018 2597 1134 2656 dictum
1156 2601 1204 2655 est

186 2715 222 2755 ex
250 2695 472 2773 augustalianis
501 2697 531 2753 et
558 2695 694 2754 ducianis
722 2695 775 2772 qui
802 2696 886 2772 prius
913 2697 1035 2754 fuerant
1062 2695 1202 2755 coniunc-

185 2793 300 2852 tionem
328 2794 359 2849 et
387 2790 601 2852 adunationem
628 2791 797 2870 redactum,
830 2793 999 2853 exactiones
1026 2791 1139 2851 facient
1166 2811 1203 2851 ex

258 2979 302 3035 tol
321 2975 481 3032 Modiorum
501 2994 538 3032 an
556 2977 737 3033 artabanum?
756 2976 796 3032 cf.
815 2977 999 3033 Mommsen
1016 2983 1085 3033 rdm.
1100 2977 1202 3033 Geach.

186 3047 230 3104 ed.
246 3054 270 3104 8.
298 3047 364 3116 Vp.
381 3053 433 3103 560
447 3051 505 3104 not.
561 3053 605 3120 51)
620 3048 758 3104 Scilicet
749 3067 780 3104 m
793 3049 898 3104 notitia
911 3048 977 3104 huic
991 3049 1050 3119 legi
1064 3048 1202 3104 subiecta.

187 3122 233 3201 σι)
251 3116 318 3174 eod.
337 3117 492 3200 τρορόδοον.
529 3119 584 3175 Sed
602 3121 754 3190 legendum
772 3121 936 3190 προσώπων,
955 3120 997 3174 uti
1016 3136 1093 3174 mox:
1113 3119 1203 3174 etiam

184 3195 254 3256 1n§
280 3188 410 3258 sequenti
438 3192 482 3245 est
509 3199 564 3246 τῶν
592 3193 748 3261 προσώπων
771 3191 820 3245 κοιλ
842 3200 897 3246 τῶν
920 3191 1027 3246 τούτων
1051 3187 1201 3274 έμηυητῶν.

185 3261 327 3328 Quasnam
349 3276 485 3342 personas
508 3260 663 3344 imperator
684 3263 786 3317 innuat
807 3278 864 3316 non
888 3261 988 3317 satis
979 3280 1010 3316 nn
1034 3261 1131 3333 aprico
1149 3263 1202 3316 est.

187 3331 377 3403 Cogitaverim
400 3331 467 3385 de
459 3332 495 3386 iis
518 3331 568 3401 qui
590 3349 674 3402 agros
696 3334 756 3388 late
774 3335 927 3403 patentes
929 3332 988 3387 sive
1011 3333 1122 3389 fiscales
1141 3331 1201 3386 sive

184 3403 407 3527 patrimoniales
413 3403 576 3529 dconductos
600 3404 734 3459 habeant.
826 3406 870 3473 58)
890 3402 1084 3473 Subintellege
1105 3403 1202 3458 δεινὸν

185 3491 219 3528 ve
251 3490 342 3529 smne
361 3489 411 3542 qm
