2654 3922
525 187 745 250 „17-

124 344 205 426 ἡμᾶς
238 347 288 408 διὰ
319 355 372 426 τῆς
400 355 454 425 σῆς
482 345 628 428 ὑπεροχῆς
655 345 902 429 ἀναφερομένων,
933 347 1006 408 ὥστε
1032 347 1082 411 καὶ
1109 350 1141 412 τδ

123 438 196 526 παρ’
232 440 319 522 ἡμῶν
354 444 386 504 εἴ
411 466 444 525 χε
471 441 572 525 ὀρθῶς
599 442 719 526 γένηται
749 443 972 526 προσδέξασθαι
998 440 1141 530 κῆρος.”)

123 541 176 604 καλ
203 539 323 602 ἐπειδὰν
346 538 366 620 ἡ
390 541 470 616 τάξις
492 547 636 626 καταστῇ,
663 540 777 622 μηδένα
799 550 858 602 τῶν
881 540 1141 623 αδχονσταλιανῶν

123 640 263 721 γίνεσθαι
289 636 378 720 χιορλς
404 639 609 720 προβατορίοιν
640 638 673 700 ἐκ
700 648 752 718 τῆς
781 636 922 719 ἡμετέρας
949 639 1043 722 χειρὸς
1066 639 1142 703 δπο-

123 729 378 818 χραφομένωνβὸ)
402 737 538 815 καθάπερ
562 733 644 818 μέχρι
665 729 775 819 vcv.²⁹)
813 735 892 798 ἔσται
915 734 947 798 δὲ
966 737 1041 823 αὐτῇ
1059 739 1140 825 πάσῃ

123 839 160 918 τῆ
184 833 262 908 τάξει
284 831 315 894 ιδ
339 841 391 912 τῆς
413 832 666 914 αιἰγονσταλιανῆς
689 833 854 915 πρόσρημα.

194 926 251 1007 [Ὁ]
283 926 382 1011 άρχοιν
412 927 445 991 δὲ
475 927 491 992 δ
524 929 603 1012 παρδι
632 940 685 1010 τῆς
711 932 860 1012 βασιλείας
887 932 1141 1014 προχειριζόμενος

122 1029 280 1108 βασιλικῆς
315 1026 397 1102 άξιος
431 1019 601 1110 notescet)
637 1028 844 1109 παραλήψεται
878 1027 934 1108 τῆν
966 1027 1059 1110 ἀρχὴν
1090 1029 1141 1091 καὶ

123 1124 262 1206 καθαράς
291 1125 413 1203 φυλάξει
444 1124 497 1197 τδις
523 1130 620 1206 χεῖρας
643 1125 694 1187 καλ
716 1125 905 1206 πανταχόθεν
927 1125 1033 1188 ἑαυτὸν
1056 1124 1141 1202 άξιον

124 1229 180 1301 τῆς
216 1223 371 1302 βασιλικῆς
408 1222 496 1298 δείξει
531 1223 663 1304 κρίσεως.
717 1220 788 1284 οὐδὲ
819 1222 875 1305 γὰρ
906 1219 991 1303 ἡμεῖς
1022 1222 1055 1286 ἐκ
1086 1235 1139 1286 τοῦ

124 1319 273 1398 δημοσίαν
296 1318 376 1404 αὐτῷ
399 1321 511 1398 ταύτην
534 1319 630 1399 μόνην
654 1320 788 1400 δώσομεν
811 1319 866 1400 τῆν
884 1320 1077 1403 παραψυχὴν,
1099 1319 1139 1401 ἣν

124 1415 208 1499 μέχρι
230 1426 289 1478 νῦν
312 1414 328 1477 δ
351 1418 541 1500 περίβλεπτος
564 1417 776 1499 αδμονστάλιος
797 1417 864 1499 ἔχει,
886 1417 939 1492 τὰς
956 1419 1140 1498 πεντήκοντα

121 1511 178 1593 μὲν
206 1512 336 1586 διννόνας
362 1513 412 1576 καὶ
439 1515 474 1575 τὰ
502 1515 685 1593 πεντήκοντα
711 1516 834 1594 κάπιτα,
865 1514 938 1577 ἀλλὰ
966 1517 1076 1600 μεγάλῃ
1102 1525 1138 1600 τῆ

121 1730 155 1788 et
178 1728 217 1786 ad
238 1730 325 1787 tuam
347 1728 447 1787 sedem
469 1730 501 1787 et
523 1728 562 1786 ad
584 1746 638 1788 nos
660 1728 941 1804 perexcellentium
959 1731 1045 1786 tuam
1063 1727 1138 1788 refe-

122 1826 237 1903 rendiS,
264 1829 300 1885 ut
327 1829 358 1884 et
384 1845 403 1884 a
429 1824 515 1885 nobis
545 1825 673 1885 sirecte
697 1825 778 1885 facta
802 1825 863 1884 sint
883 1824 1139 1885 confirmationem

121 1923 281 1999 accipiant.
312 1923 354 1982 Et
371 1926 534 1999 postquam
553 1921 686 1983 officium
704 1923 904 1984 constitutum
921 1923 1022 2001 fuerit,
1036 1923 1139 1982 nullus

121 2021 356 2098 augustalianus
388 2020 440 2080 fiet
468 2020 581 2097 absque
608 2020 789 2098 probatoriis
817 2023 921 2081 nostra
947 2040 1040 2081 manu
1068 2021 1137 2081 sub·
1183 2015 1186 2020 ’

122 2118 251 2195 scriptis,
275 2117 354 2177 siout
376 2118 529 2177 hactenus.
566 2118 672 2194 Ipsum
690 2121 793 2178 autem
810 2119 986 2178 universum
1004 2117 1138 2178 officium

120 2215 331 2293 augustaliani
353 2215 588 2291 appellationem
610 2215 740 2275 habebit.
862 2283 863 2287 χ

192 2309 224 2388 [ξ
249 2316 277 2372 5.
305 2309 438 2388 Solatia]
489 2313 663 2372 Praefectus
701 2316 816 2389 autem,
858 2313 911 2388 qui
943 2312 1136 2388 imperatorio

120 2409 233 2468 iudicio
262 2409 371 2487 dignus
398 2409 520 2468 habitus
549 2410 587 2469 ab
610 2410 790 2485 imperatore
814 2409 927 2467 clectus
950 2408 1055 2486 fuerit,
1085 2409 1136 2468 ad·

120 2506 377 2567 ministrationem
400 2506 543 2583 suscipiet
561 2509 592 2566 et
609 2525 701 2583 puras
719 2523 826 2564 manus
846 2504 977 2564 servabit
995 2508 1026 2563 et
1043 2505 1136 2564 unde-

119 2623 241 2680 cunque
269 2622 300 2663 se
328 2603 454 2684 dignum
480 2603 673 2680 imperatorio
700 2603 812 2664 iudicio
840 2602 984 2663 ostendet.
1029 2602 1136 2679 Neque

119 2701 203 2760 enim
224 2719 279 2761 nos
302 2701 330 2761 ei
353 2721 369 2760 e
389 2701 511 2777 publico
533 2702 589 2763 hoo
608 2703 706 2762 solum
724 2701 861 2760 dabimus
880 2699 1031 2778 solatium,
1056 2701 1137 2777 quod
1251 2785 1256 2792 ι

121 2816 202 2858 nunc
233 2817 329 2875 usque
362 2798 533 2875 spectabilis
561 2797 740 2877 Augustalis
771 2798 875 2877 habet,
913 2797 1137 2876 quinquaginta

119 2914 256 2955 annonas
289 2898 319 2955 et
352 2896 574 2974 quinquaginta
606 2896 719 2973 capita,
753 2896 804 2955 sed
834 2915 945 2973 magno
973 2899 1135 2974 augmento

193 3121 239 3188 2⁷)
258 3116 393 3172 Similiter
410 3119 482 3173 Nou.
500 3116 561 3171 LIV
580 3118 654 3188 (103)
672 3133 696 3171 c.
721 3124 744 3172 1.
822 3121 867 3188 28)
886 3115 952 3170 Cod.
971 3117 1136 3185 ὑπογραφο-

119 3186 439 3315 δέδηῗσῐθσοοωοδῶδδῗ
452 3187 656 3329 Βδῖδῐοδδσδῖδθ
663 3185 982 3329 Ῐροῖἷδρλδδ)1δεδὼ’
1003 3186 1134 3327 soilli

121 3276 160 3394 a?
176 3301 298 3401 τιαρδιλ.ι
314 3301 359 3385 Al>
381 3303 440 3385 illo'
456 3327 533 3385 ἔσται
556 3329 632 3399 quod
647 3301 802 3400 'praecedit
824 3299 918 3400 ἄρχων
933 3299 1058 3397 pendere
1076 3301 1133 3382 non

161 3403 231 3527 σερε,
264 3403 296 3456 ut
324 3400 442 3472 proinde
471 3401 486 3456 ὁ
514 3401 607 3471 ἄρχων
635 3401 756 3455 scribere
785 3402 815 3455 et
841 3399 872 3463 ὃς
898 3399 992 3454 delere
1018 3414 1133 3454 necesse

153 3489 337 3613 Θὲάοὴοιὶιε
351 3583 365 3612 a
379 3572 566 3623 Liugcnthal.
903 3566 919 3613 2
