<?xml version="1.0" encoding="UTF-8"?>
<!DOCTYPE html PUBLIC "-//W3C//DTD XHTML 1.0 Transitional//EN"
    "http://www.w3.org/TR/xhtml1/DTD/xhtml1-transitional.dtd">
<html xmlns="http://www.w3.org/1999/xhtml" xml:lang="en" lang="en">
 <head>
  <title>
</title>
<meta http-equiv="Content-Type" content="text/html;charset=utf-8" />
  <meta name='ocr-system' content='tesseract 3.04.00' />
  <meta name='ocr-capabilities' content='ocr_page ocr_carea ocr_par ocr_line ocrx_word'/>
</head>
<body>
  <div class='ocr_page' id='page_1' title='image "./appendixadediti00linggoog_0060.png"; bbox 0 0 2654 3922; ppageno 0'>
   <div class='ocr_carea' id='block_1_1' title="bbox 540 193 762 256">
    <p class='ocr_par' dir='ltr' id='par_1_1' title="bbox 540 193 762 256">
     <span class='ocr_line' id='line_1_1' title="bbox 540 193 762 256; baseline -0.014 -17"><span class='ocrx_word' id='word_1_1' title='bbox 540 193 762 256; x_wconf 80' lang='grc'>-19-</span> 
     </span>
    </p>
   </div>
   <div class='ocr_carea' id='block_1_2' title="bbox 144 353 1161 1609">
    <p class='ocr_par' dir='ltr' id='par_1_2' title="bbox 144 353 1161 1609">
     <span class='ocr_line' id='line_1_2' title="bbox 146 353 1160 438; baseline -0.001 -19"><span class='ocrx_word' id='word_1_2' title='bbox 146 357 237 421; x_wconf 82' lang='grc' dir='ltr'><strong><em>αὐτὸν</em></strong></span> <span class='ocrx_word' id='word_1_3' title='bbox 267 354 321 437; x_wconf 71' lang='grc' dir='ltr'><strong>μὲν</strong></span> <span class='ocrx_word' id='word_1_4' title='bbox 353 356 404 418; x_wconf 89' lang='grc' dir='ltr'><strong>τὸν</strong></span> <span class='ocrx_word' id='word_1_5' title='bbox 436 357 629 438; x_wconf 85' lang='grc' dir='ltr'><strong><em>περίβλεπτον</em></strong></span> <span class='ocrx_word' id='word_1_6' title='bbox 657 354 870 436; x_wconf 87' lang='grc' dir='ltr'><strong><em>αύγοοστάλιον</em></strong></span> <span class='ocrx_word' id='word_1_7' title='bbox 897 353 947 416; x_wconf 84' lang='grc' dir='ltr'><strong><em>καί</em></strong></span> <span class='ocrx_word' id='word_1_8' title='bbox 973 353 1028 434; x_wconf 76' lang='grc' dir='ltr'><strong>τὴν</strong></span> <span class='ocrx_word' id='word_1_9' title='bbox 1055 361 1160 418; x_wconf 84' lang='grc' dir='ltr'><strong><em>πενθο-</em></strong></span> 
     </span>
     <span class='ocr_line' id='line_1_3' title="bbox 147 449 1160 540; baseline -0.002 -23"><span class='ocrx_word' id='word_1_10' title='bbox 147 455 240 536; x_wconf 88' lang='grc' dir='ltr'><strong><em>μένην</em></strong></span> <span class='ocrx_word' id='word_1_11' title='bbox 264 453 343 538; x_wconf 79' lang='grc' dir='ltr'><strong><em>αύτῷ</em></strong></span> <span class='ocrx_word' id='word_1_12' title='bbox 366 455 449 528; x_wconf 80' lang='grc' dir='ltr'><strong><em>τάξιν</em></strong></span> <span class='ocrx_word' id='word_1_13' title='bbox 472 453 604 539; x_wconf 79' lang='grc' dir='ltr'><strong><em>κινδύνῳ</em></strong></span> <span class='ocrx_word' id='word_1_14' title='bbox 628 453 726 540; x_wconf 82' lang='grc' dir='ltr'><strong><em>οἰκείῳ</em></strong></span> <span class='ocrx_word' id='word_1_15' title='bbox 748 451 799 513; x_wconf 81' lang='grc' dir='ltr'><strong>καὶ</strong></span> <span class='ocrx_word' id='word_1_16' title='bbox 821 461 879 513; x_wconf 79' lang='grc' dir='ltr'><strong>τῶν</strong></span> <span class='ocrx_word' id='word_1_17' title='bbox 898 449 994 514; x_wconf 74' lang='grc' dir='ltr'><strong><em>ὄντων</em></strong></span> <span class='ocrx_word' id='word_1_18' title='bbox 1013 453 1091 537; x_wconf 81' lang='grc' dir='ltr'><strong><em>αύτῷ</em></strong></span> <span class='ocrx_word' id='word_1_19' title='bbox 1109 454 1160 515; x_wconf 89' lang='grc' dir='ltr'><strong><em>καί</em></strong></span> 
     </span>
     <span class='ocr_line' id='line_1_4' title="bbox 145 549 1160 636; baseline -0.001 -21"><span class='ocrx_word' id='word_1_20' title='bbox 145 551 294 632; x_wconf 74' lang='grc' dir='ltr'><strong><em>ἐσομένων</em></strong></span> <span class='ocrx_word' id='word_1_21' title='bbox 325 551 515 633; x_wconf 77' lang='grc' dir='ltr'><strong><em>πραγμάτων,</em></strong></span> <span class='ocrx_word' id='word_1_22' title='bbox 546 550 597 612; x_wconf 84' lang='grc' dir='ltr'><strong><em>καί</em></strong></span> <span class='ocrx_word' id='word_1_23' title='bbox 627 550 760 636; x_wconf 80' lang='grc' dir='ltr'><strong><em>κινδύνῳ</em></strong></span> <span class='ocrx_word' id='word_1_24' title='bbox 788 559 841 629; x_wconf 74' lang='grc' dir='ltr'><strong>τῆς</strong></span> <span class='ocrx_word' id='word_1_25' title='bbox 869 549 961 612; x_wconf 82' lang='grc' dir='ltr'><strong><em>αύτού</em></strong></span> <span class='ocrx_word' id='word_1_26' title='bbox 987 551 1095 624; x_wconf 81' lang='grc' dir='ltr'><strong><em>τάξεως</em></strong></span> <span class='ocrx_word' id='word_1_27' title='bbox 1123 552 1160 614; x_wconf 88' lang='grc' dir='ltr'><strong>ού</strong></span> 
     </span>
     <span class='ocr_line' id='line_1_5' title="bbox 146 646 1160 732; baseline -0.001 -21"><span class='ocrx_word' id='word_1_28' title='bbox 146 649 213 732; x_wconf 76' lang='grc' dir='ltr'><strong><em>περὶ</em></strong></span> <span class='ocrx_word' id='word_1_29' title='bbox 235 659 327 712; x_wconf 78' lang='grc' dir='ltr'><strong><em>ταῦτα</em></strong></span> <span class='ocrx_word' id='word_1_30' title='bbox 350 649 443 729; x_wconf 87' lang='grc' dir='ltr'><strong><em>μόνον</em></strong></span> <span class='ocrx_word' id='word_1_31' title='bbox 466 648 539 710; x_wconf 82' lang='grc' dir='ltr'><strong><em>ἀλλὰ</em></strong></span> <span class='ocrx_word' id='word_1_32' title='bbox 556 646 680 727; x_wconf 76' lang='grc' dir='ltr'><strong><em>καλιὴν</em></strong></span> <span class='ocrx_word' id='word_1_33' title='bbox 699 648 845 730; x_wconf 83' lang='grc' dir='ltr'><strong><em>σωτηρίαν</em></strong></span> <span class='ocrx_word' id='word_1_34' title='bbox 864 646 959 726; x_wconf 78' lang='grc' dir='ltr'><strong><em>αὐτὴν</em></strong></span> <span class='ocrx_word' id='word_1_35' title='bbox 977 646 1160 730; x_wconf 82' lang='grc' dir='ltr'><strong><em>ἀγωνιώσης,</em></strong></span> 
     </span>
     <span class='ocr_line' id='line_1_6' title="bbox 145 740 1160 829; baseline 0 -21"><span class='ocrx_word' id='word_1_36' title='bbox 145 758 245 809; x_wconf 80' lang='grc' dir='ltr'><strong><em>πᾶσαν</em></strong></span> <span class='ocrx_word' id='word_1_37' title='bbox 272 740 456 829; x_wconf 55' lang='grc' dir='ltr'><strong><em>γίνεσθαιῧῧ)</em></strong></span> <span class='ocrx_word' id='word_1_38' title='bbox 483 745 629 828; x_wconf 91' lang='grc' dir='ltr'><strong><em>πρόνοιαν</em></strong></span> <span class='ocrx_word' id='word_1_39' title='bbox 657 754 711 807; x_wconf 85' lang='grc' dir='ltr'><strong>τού</strong></span> <span class='ocrx_word' id='word_1_40' title='bbox 734 745 786 806; x_wconf 88' lang='grc' dir='ltr'><strong>τὸν</strong></span> <span class='ocrx_word' id='word_1_41' title='bbox 809 743 966 826; x_wconf 78' lang='grc' dir='ltr'><strong><em>εἰρημένον</em></strong></span> <span class='ocrx_word' id='word_1_42' title='bbox 987 756 1040 826; x_wconf 80' lang='grc' dir='ltr'><strong>τῆς</strong></span> <span class='ocrx_word' id='word_1_43' title='bbox 1061 748 1160 821; x_wconf 85' lang='grc' dir='ltr'><strong><em>αἰσίας</em></strong></span> 
     </span>
     <span class='ocr_line' id='line_1_7' title="bbox 144 841 1160 926; baseline 0.001 -20"><span class='ocrx_word' id='word_1_44' title='bbox 144 845 273 926; x_wconf 75' lang='grc' dir='ltr'><strong><em>ἐμβολῆς</em></strong></span> <span class='ocrx_word' id='word_1_45' title='bbox 296 850 377 906; x_wconf 86' lang='grc' dir='ltr'><strong><em>σῖτον</em></strong></span> <span class='ocrx_word' id='word_1_46' title='bbox 399 842 449 905; x_wconf 85' lang='grc' dir='ltr'><strong><em>καί</em></strong></span> <span class='ocrx_word' id='word_1_47' title='bbox 472 842 661 905; x_wconf 75' lang='grc' dir='ltr'><strong><em>ἀπαιτεῖσθαι</em></strong></span> <span class='ocrx_word' id='word_1_48' title='bbox 679 842 730 904; x_wconf 87' lang='grc' dir='ltr'><strong><em>καί</em></strong></span> <span class='ocrx_word' id='word_1_49' title='bbox 746 841 820 904; x_wconf 81' lang='grc' dir='ltr'><strong><em>κατὰ</em></strong></span> <span class='ocrx_word' id='word_1_50' title='bbox 838 842 908 916; x_wconf 84' lang='grc' dir='ltr'><strong><em>τούς</em></strong></span> <span class='ocrx_word' id='word_1_51' title='bbox 926 843 1160 924; x_wconf 86' lang='grc' dir='ltr'><strong><em>νεμομισμένους</em></strong></span> 
     </span>
     <span class='ocr_line' id='line_1_8' title="bbox 146 937 1160 1024; baseline 0 -20"><span class='ocrx_word' id='word_1_52' title='bbox 146 943 270 1024; x_wconf 88' lang='grc' dir='ltr'><strong><em>καιρούς</em></strong></span> <span class='ocrx_word' id='word_1_53' title='bbox 300 939 510 1022; x_wconf 72' lang='grc' dir='ltr'><strong><em>ἐκπέμπεσθαι.</em></strong></span> <span class='ocrx_word' id='word_1_54' title='bbox 555 939 627 1002; x_wconf 86' lang='grc' dir='ltr'><strong><em>άλλδι</em></strong></span> <span class='ocrx_word' id='word_1_55' title='bbox 658 949 765 1002; x_wconf 85' lang='grc' dir='ltr'><strong><em>τούτον</em></strong></span> <span class='ocrx_word' id='word_1_56' title='bbox 792 937 846 1020; x_wconf 86' lang='grc' dir='ltr'><strong>μέν</strong></span> <span class='ocrx_word' id='word_1_57' title='bbox 873 940 1054 1022; x_wconf 77' lang='grc' dir='ltr'><strong><em>εἰσπράττειν</em></strong></span> <span class='ocrx_word' id='word_1_58' title='bbox 1082 941 1160 1015; x_wconf 81' lang='grc' dir='ltr'><strong><em>ὅστις</em></strong></span> 
     </span>
     <span class='ocr_line' id='line_1_9' title="bbox 145 1034 1160 1121; baseline -0.002 -19"><span class='ocrx_word' id='word_1_59' title='bbox 145 1039 175 1115; x_wconf 83' lang='grc' dir='ltr'><strong>ἐξ</strong></span> <span class='ocrx_word' id='word_1_60' title='bbox 208 1037 344 1121; x_wconf 73' lang='grc' dir='ltr'><strong><em>ἑκατέρας</em></strong></span> <span class='ocrx_word' id='word_1_61' title='bbox 376 1037 455 1100; x_wconf 87' lang='grc' dir='ltr'><strong><em>ἐστίν</em></strong></span> <span class='ocrx_word' id='word_1_62' title='bbox 478 1039 646 1120; x_wconf 81' lang='grc' dir='ltr'><strong><em>Αἰγύπτου,</em></strong></span> <span class='ocrx_word' id='word_1_63' title='bbox 679 1037 732 1099; x_wconf 87' lang='grc' dir='ltr'><strong>τὸν</strong></span> <span class='ocrx_word' id='word_1_64' title='bbox 764 1034 796 1098; x_wconf 79' lang='grc' dir='ltr'><strong>δὲ</strong></span> <span class='ocrx_word' id='word_1_65' title='bbox 828 1035 918 1100; x_wconf 84' lang='grc' dir='ltr'><strong><em>άλλον</em></strong></span> <span class='ocrx_word' id='word_1_66' title='bbox 950 1036 1160 1119; x_wconf 86' lang='grc' dir='ltr'><strong><em>διννπερθέτως</em></strong></span> 
     </span>
     <span class='ocr_line' id='line_1_10' title="bbox 146 1129 1160 1218; baseline 0 -20"><span class='ocrx_word' id='word_1_67' title='bbox 146 1136 346 1217; x_wconf 80' lang='grc' dir='ltr'><strong><em>ὑποδέχεσθαι</em></strong></span> <span class='ocrx_word' id='word_1_68' title='bbox 372 1135 393 1218; x_wconf 74' lang='grc' dir='ltr'>ἢ</span> <span class='ocrx_word' id='word_1_69' title='bbox 415 1135 465 1198; x_wconf 88' lang='grc' dir='ltr'><strong><em>καί</em></strong></span> <span class='ocrx_word' id='word_1_70' title='bbox 487 1135 685 1216; x_wconf 76' lang='grc' dir='ltr'><strong><em>ἐμβάλλεσθαι</em></strong></span> <span class='ocrx_word' id='word_1_71' title='bbox 706 1141 768 1207; x_wconf 87' lang='grc' dir='ltr'><strong><em>τοῖς</em></strong></span> <span class='ocrx_word' id='word_1_72' title='bbox 790 1129 966 1217; x_wconf 50' lang='lat' dir='ltr'><strong>moereb),</strong></span> <span class='ocrx_word' id='word_1_73' title='bbox 994 1155 1160 1218; x_wconf 73' lang='grc' dir='ltr'><strong><em>παρασκεα·</em></strong></span> 
     </span>
     <span class='ocr_line' id='line_1_11' title="bbox 147 1231 1161 1314; baseline 0.001 -19"><span class='ocrx_word' id='word_1_74' title='bbox 147 1235 226 1307; x_wconf 84' lang='grc' dir='ltr'><strong><em>άζειν</em></strong></span> <span class='ocrx_word' id='word_1_75' title='bbox 249 1257 279 1296; x_wconf 88' lang='grc' dir='ltr'><strong>τε</strong></span> <span class='ocrx_word' id='word_1_76' title='bbox 301 1235 343 1307; x_wconf 88' lang='grc' dir='ltr'><strong>εἰς</strong></span> <span class='ocrx_word' id='word_1_77' title='bbox 365 1235 476 1314; x_wconf 89' lang='grc' dir='ltr'><strong><em>ταύτην</em></strong></span> <span class='ocrx_word' id='word_1_78' title='bbox 499 1231 701 1314; x_wconf 86' lang='grc' dir='ltr'><strong><em>ἐκπέμπεσθαι</em></strong></span> <span class='ocrx_word' id='word_1_79' title='bbox 717 1231 773 1311; x_wconf 78' lang='grc' dir='ltr'><strong>την</strong></span> <span class='ocrx_word' id='word_1_80' title='bbox 791 1232 954 1313; x_wconf 82' lang='grc' dir='ltr'><strong><em>εὐδαίμονα</em></strong></span> <span class='ocrx_word' id='word_1_81' title='bbox 971 1233 1069 1314; x_wconf 85' lang='grc' dir='ltr'><strong><em>πόλιν,</em></strong></span> <span class='ocrx_word' id='word_1_82' title='bbox 1092 1234 1161 1308; x_wconf 80' lang='grc' dir='ltr'><strong><em>ὅσος</em></strong></span> 
     </span>
     <span class='ocr_line' id='line_1_12' title="bbox 146 1329 1161 1412; baseline -0.001 -18"><span class='ocrx_word' id='word_1_83' title='bbox 146 1343 200 1394; x_wconf 83' lang='grc' dir='ltr'><strong>τοῦ</strong></span> <span class='ocrx_word' id='word_1_84' title='bbox 228 1332 357 1406; x_wconf 82' lang='grc' dir='ltr'><strong><em>κανόνος</em></strong></span> <span class='ocrx_word' id='word_1_85' title='bbox 383 1341 436 1412; x_wconf 72' lang='grc' dir='ltr'><strong>τῆς</strong></span> <span class='ocrx_word' id='word_1_86' title='bbox 463 1331 555 1411; x_wconf 74' lang='grc' dir='ltr'><strong><em>αὐτῆς</em></strong></span> <span class='ocrx_word' id='word_1_87' title='bbox 583 1332 680 1404; x_wconf 85' lang='grc' dir='ltr'><strong><em>αἰσίας</em></strong></span> <span class='ocrx_word' id='word_1_88' title='bbox 707 1329 834 1411; x_wconf 80' lang='grc' dir='ltr'><strong><em>ἐμβολῆς</em></strong></span> <span class='ocrx_word' id='word_1_89' title='bbox 861 1329 921 1392; x_wconf 88' lang='grc' dir='ltr'><strong><em>ἐστι</em></strong></span> <span class='ocrx_word' id='word_1_90' title='bbox 946 1339 1001 1411; x_wconf 80' lang='grc' dir='ltr'><strong>τῆς</strong></span> <span class='ocrx_word' id='word_1_91' title='bbox 1027 1330 1161 1393; x_wconf 85' lang='grc' dir='ltr'><strong><em>ἐνταῦθα</em></strong></span> 
     </span>
     <span class='ocr_line' id='line_1_13' title="bbox 147 1423 1160 1511; baseline 0.002 -21"><span class='ocrx_word' id='word_1_92' title='bbox 147 1429 357 1511; x_wconf 83' lang='grc' dir='ltr'><strong><em>πλωϊζομένης.</em></strong></span> <span class='ocrx_word' id='word_1_93' title='bbox 408 1427 516 1509; x_wconf 86' lang='grc' dir='ltr'><strong><em>δμοίως</em></strong></span> <span class='ocrx_word' id='word_1_94' title='bbox 548 1426 580 1490; x_wconf 82' lang='grc' dir='ltr'><strong>δὲ</strong></span> <span class='ocrx_word' id='word_1_95' title='bbox 611 1428 662 1490; x_wconf 83' lang='grc' dir='ltr'><strong><em>καί</em></strong></span> <span class='ocrx_word' id='word_1_96' title='bbox 693 1427 745 1490; x_wconf 90' lang='grc' dir='ltr'><strong>τὸν</strong></span> <span class='ocrx_word' id='word_1_97' title='bbox 776 1423 847 1509; x_wconf 89' lang='grc' dir='ltr'><strong><em>παρ’</em></strong></span> <span class='ocrx_word' id='word_1_98' title='bbox 875 1425 961 1509; x_wconf 79' lang='grc' dir='ltr'><strong><em>ἡμῶν</em></strong></span> <span class='ocrx_word' id='word_1_99' title='bbox 988 1430 1160 1509; x_wconf 82' lang='grc' dir='ltr'><strong><em>φιλοτιμού-</em></strong></span> 
     </span>
     <span class='ocr_line' id='line_1_14' title="bbox 147 1521 1160 1609; baseline -0.001 -21"><span class='ocrx_word' id='word_1_100' title='bbox 147 1550 237 1607; x_wconf 76' lang='grc' dir='ltr'><strong><em>μενον</em></strong></span> <span class='ocrx_word' id='word_1_101' title='bbox 260 1536 313 1607; x_wconf 78' lang='grc' dir='ltr'><strong>τῆς</strong></span> <span class='ocrx_word' id='word_1_102' title='bbox 337 1528 463 1609; x_wconf 79' lang='grc' dir='ltr'><strong><em>μεγάλης</em></strong></span> <span class='ocrx_word' id='word_1_103' title='bbox 485 1536 544 1588; x_wconf 82' lang='grc' dir='ltr'><strong>τῶν</strong></span> <span class='ocrx_word' id='word_1_104' title='bbox 560 1521 772 1608; x_wconf 80' lang='grc' dir='ltr'><strong><em>Ἀλεξανδρέων</em></strong></span> <span class='ocrx_word' id='word_1_105' title='bbox 795 1526 906 1598; x_wconf 89' lang='grc' dir='ltr'><strong><em>πόλεως</em></strong></span> <span class='ocrx_word' id='word_1_106' title='bbox 928 1525 981 1588; x_wconf 86' lang='grc' dir='ltr'><strong>τὸν</strong></span> <span class='ocrx_word' id='word_1_107' title='bbox 1000 1525 1054 1606; x_wconf 79' lang='grc' dir='ltr'><strong>μὲν</strong></span> <span class='ocrx_word' id='word_1_108' title='bbox 1073 1525 1160 1588; x_wconf 82' lang='grc' dir='ltr'><strong><em>άπαι-</em></strong></span> 
     </span>
    </p>
   </div>
   <div class='ocr_carea' id='block_1_3' title="bbox 146 1774 1161 2826">
    <p class='ocr_par' dir='ltr' id='par_1_3' title="bbox 146 1774 1161 2826">
     <span class='ocr_line' id='line_1_15' title="bbox 148 1774 1161 1854; baseline -0.001 -18"><span class='ocrx_word' id='word_1_109' title='bbox 148 1777 333 1854; x_wconf 78' lang='lat' dir='ltr'><strong>strationem,</strong></span> <span class='ocrx_word' id='word_1_110' title='bbox 355 1779 392 1835; x_wconf 93' lang='lat' dir='ltr'><strong>ut</strong></span> <span class='ocrx_word' id='word_1_111' title='bbox 409 1775 473 1852; x_wconf 91' lang='lat' dir='ltr'><strong>ipse</strong></span> <span class='ocrx_word' id='word_1_112' title='bbox 492 1774 664 1851; x_wconf 84' lang='lat' dir='ltr'><strong>spectabilis</strong></span> <span class='ocrx_word' id='word_1_113' title='bbox 682 1774 861 1852; x_wconf 75' lang='lat' dir='ltr'><strong>Augustalis</strong></span> <span class='ocrx_word' id='word_1_114' title='bbox 880 1778 910 1833; x_wconf 90' lang='lat' dir='ltr'><strong>et</strong></span> <span class='ocrx_word' id='word_1_115' title='bbox 929 1775 1011 1851; x_wconf 83' lang='lat' dir='ltr'><strong>quod</strong></span> <span class='ocrx_word' id='word_1_116' title='bbox 1028 1776 1056 1834; x_wconf 89' lang='lat' dir='ltr'><strong>ei</strong></span> <span class='ocrx_word' id='word_1_117' title='bbox 1074 1780 1161 1852; x_wconf 89' lang='lat' dir='ltr'><strong>paret</strong></span> 
     </span>
     <span class='ocr_line' id='line_1_16' title="bbox 147 1872 1160 1950; baseline -0.001 -16"><span class='ocrx_word' id='word_1_118' title='bbox 147 1874 280 1934; x_wconf 87' lang='lat' dir='ltr'><strong>offioium</strong></span> <span class='ocrx_word' id='word_1_119' title='bbox 298 1921 305 1935; x_wconf 91' lang='lat'><strong>.</strong></span> <span class='ocrx_word' id='word_1_120' title='bbox 320 1919 349 1936; x_wconf 82' lang='lat'><strong>..</strong></span> <span class='ocrx_word' id='word_1_121' title='bbox 368 1873 501 1950; x_wconf 84' lang='lat' dir='ltr'><strong>periculo</strong></span> <span class='ocrx_word' id='word_1_122' title='bbox 526 1873 573 1931; x_wconf 89' lang='lat' dir='ltr'><strong>sui</strong></span> <span class='ocrx_word' id='word_1_123' title='bbox 591 1873 686 1948; x_wconf 89' lang='lat' dir='ltr'><strong>ipsius</strong></span> <span class='ocrx_word' id='word_1_124' title='bbox 705 1875 737 1932; x_wconf 88' lang='lat' dir='ltr'><strong>et</strong></span> <span class='ocrx_word' id='word_1_125' title='bbox 753 1890 854 1931; x_wconf 88' lang='lat' dir='ltr'><strong>rerum</strong></span> <span class='ocrx_word' id='word_1_126' title='bbox 873 1890 950 1948; x_wconf 86' lang='lat' dir='ltr'><strong>quae</strong></span> <span class='ocrx_word' id='word_1_127' title='bbox 968 1872 1060 1932; x_wconf 90' lang='lat' dir='ltr'><strong>habet</strong></span> <span class='ocrx_word' id='word_1_128' title='bbox 1076 1874 1160 1933; x_wconf 88' lang='lat' dir='ltr'><strong>habi-</strong></span> 
     </span>
     <span class='ocr_line' id='line_1_17' title="bbox 146 1968 1160 2049; baseline 0 -18"><span class='ocrx_word' id='word_1_129' title='bbox 146 1976 272 2032; x_wconf 83' lang='lat' dir='ltr'><strong>turusve</strong></span> <span class='ocrx_word' id='word_1_130' title='bbox 304 1974 362 2049; x_wconf 85' lang='lat' dir='ltr'><strong>est,</strong></span> <span class='ocrx_word' id='word_1_131' title='bbox 396 1974 427 2030; x_wconf 91' lang='lat' dir='ltr'><strong>et</strong></span> <span class='ocrx_word' id='word_1_132' title='bbox 457 1970 591 2046; x_wconf 83' lang='lat' dir='ltr'><strong>periculo</strong></span> <span class='ocrx_word' id='word_1_133' title='bbox 622 1968 714 2030; x_wconf 80' lang='lat' dir='ltr'><strong>officii</strong></span> <span class='ocrx_word' id='word_1_134' title='bbox 742 1970 819 2048; x_wconf 77' lang='lat' dir='ltr'><strong>eiua,</strong></span> <span class='ocrx_word' id='word_1_135' title='bbox 854 1970 935 2046; x_wconf 88' lang='lat' dir='ltr'><strong>quod</strong></span> <span class='ocrx_word' id='word_1_136' title='bbox 962 1991 1022 2030; x_wconf 93' lang='lat' dir='ltr'><strong>non</strong></span> <span class='ocrx_word' id='word_1_137' title='bbox 1050 1972 1085 2031; x_wconf 88' lang='lat' dir='ltr'><strong>de</strong></span> <span class='ocrx_word' id='word_1_138' title='bbox 1113 1973 1160 2032; x_wconf 89' lang='lat' dir='ltr'><strong>his</strong></span> 
     </span>
     <span class='ocr_line' id='line_1_18' title="bbox 147 2067 1160 2147; baseline 0 -18"><span class='ocrx_word' id='word_1_139' title='bbox 147 2071 245 2130; x_wconf 88' lang='lat' dir='ltr'><strong>solum</strong></span> <span class='ocrx_word' id='word_1_140' title='bbox 264 2069 315 2128; x_wconf 88' lang='lat' dir='ltr'><strong>sed</strong></span> <span class='ocrx_word' id='word_1_141' title='bbox 333 2072 364 2128; x_wconf 89' lang='lat' dir='ltr'><strong>et</strong></span> <span class='ocrx_word' id='word_1_142' title='bbox 383 2068 418 2127; x_wconf 88' lang='lat' dir='ltr'><strong>de</strong></span> <span class='ocrx_word' id='word_1_143' title='bbox 437 2068 559 2145; x_wconf 90' lang='lat' dir='ltr'><strong>propria</strong></span> <span class='ocrx_word' id='word_1_144' title='bbox 577 2068 675 2126; x_wconf 88' lang='lat' dir='ltr'><strong>salute</strong></span> <span class='ocrx_word' id='word_1_145' title='bbox 694 2067 889 2145; x_wconf 80' lang='lat' dir='ltr'><strong>periclitetur,</strong></span> <span class='ocrx_word' id='word_1_146' title='bbox 909 2068 1078 2129; x_wconf 88' lang='lat' dir='ltr'><strong>omnimodo</strong></span> <span class='ocrx_word' id='word_1_147' title='bbox 1092 2091 1160 2147; x_wconf 89' lang='lat' dir='ltr'><strong>pro·</strong></span> 
     </span>
     <span class='ocr_line' id='line_1_19' title="bbox 146 2160 1161 2246; baseline -0.001 -19"><span class='ocrx_word' id='word_1_148' title='bbox 146 2167 223 2227; x_wconf 84' lang='lat' dir='ltr'><strong>visio</strong></span> <span class='ocrx_word' id='word_1_149' title='bbox 251 2165 305 2225; x_wconf 88' lang='lat' dir='ltr'><strong>fiat</strong></span> <span class='ocrx_word' id='word_1_150' title='bbox 331 2170 368 2225; x_wconf 88' lang='lat' dir='ltr'><strong>ut</strong></span> <span class='ocrx_word' id='word_1_151' title='bbox 395 2166 509 2226; x_wconf 69' lang='lat' dir='ltr'><strong>dietam</strong></span> <span class='ocrx_word' id='word_1_152' title='bbox 536 2165 723 2224; x_wconf 83' lang='lat' dir='ltr'><strong>frumentum</strong></span> <span class='ocrx_word' id='word_1_153' title='bbox 744 2165 840 2224; x_wconf 82' lang='lat' dir='ltr'><strong>felicis</strong></span> <span class='ocrx_word' id='word_1_154' title='bbox 864 2166 998 2226; x_wconf 81' lang='lat' dir='ltr'><strong>embolae</strong></span> <span class='ocrx_word' id='word_1_155' title='bbox 1022 2160 1161 2246; x_wconf 84' lang='lat' dir='ltr'><strong>erigatur</strong></span> 
     </span>
     <span class='ocr_line' id='line_1_20' title="bbox 148 2262 1159 2340; baseline -0.002 -16"><span class='ocrx_word' id='word_1_156' title='bbox 148 2267 179 2324; x_wconf 88' lang='lat' dir='ltr'><strong>et</strong></span> <span class='ocrx_word' id='word_1_157' title='bbox 202 2263 325 2323; x_wconf 89' lang='lat' dir='ltr'><strong>statutis</strong></span> <span class='ocrx_word' id='word_1_158' title='bbox 348 2263 533 2340; x_wconf 86' lang='lat' dir='ltr'><strong>temporibus</strong></span> <span class='ocrx_word' id='word_1_159' title='bbox 556 2263 776 2322; x_wconf 81' lang='lat' dir='ltr'><strong>transvehatur.</strong></span> <span class='ocrx_word' id='word_1_160' title='bbox 813 2263 855 2320; x_wconf 85' lang='lat' dir='ltr'><strong>Et</strong></span> <span class='ocrx_word' id='word_1_161' title='bbox 878 2262 910 2320; x_wconf 80' lang='lat' dir='ltr'><strong>id</strong></span> <span class='ocrx_word' id='word_1_162' title='bbox 933 2263 1055 2339; x_wconf 90' lang='lat' dir='ltr'><strong>quidem</strong></span> <span class='ocrx_word' id='word_1_163' title='bbox 1077 2265 1159 2325; x_wconf 85' lang='lat' dir='ltr'><strong>oolli-</strong></span> 
     </span>
     <span class='ocr_line' id='line_1_21' title="bbox 147 2357 1160 2440; baseline 0.003 -20"><span class='ocrx_word' id='word_1_164' title='bbox 147 2364 202 2440; x_wconf 82' lang='lat' dir='ltr'><strong>gat</strong></span> <span class='ocrx_word' id='word_1_165' title='bbox 235 2361 316 2437; x_wconf 83' lang='lat' dir='ltr'><strong>quod</strong></span> <span class='ocrx_word' id='word_1_166' title='bbox 348 2380 383 2420; x_wconf 83' lang='lat' dir='ltr'><strong>ex</strong></span> <span class='ocrx_word' id='word_1_167' title='bbox 413 2364 544 2436; x_wconf 88' lang='lat' dir='ltr'><strong>utraque</strong></span> <span class='ocrx_word' id='word_1_168' title='bbox 566 2359 706 2436; x_wconf 81' lang='lat' dir='ltr'><strong>Aegypto</strong></span> <span class='ocrx_word' id='word_1_169' title='bbox 738 2357 875 2436; x_wconf 84' lang='lat' dir='ltr'><strong>debetur,</strong></span> <span class='ocrx_word' id='word_1_170' title='bbox 907 2360 1058 2435; x_wconf 90' lang='lat' dir='ltr'><strong>reliquum</strong></span> <span class='ocrx_word' id='word_1_171' title='bbox 1089 2382 1160 2423; x_wconf 83' lang='lat' dir='ltr'><strong>vero</strong></span> 
     </span>
     <span class='ocr_line' id='line_1_22' title="bbox 147 2455 1161 2535; baseline 0 -17"><span class='ocrx_word' id='word_1_172' title='bbox 147 2459 211 2525; x_wconf 87' lang='lat' dir='ltr'><strong>sine</strong></span> <span class='ocrx_word' id='word_1_173' title='bbox 244 2459 388 2518; x_wconf 87' lang='lat' dir='ltr'><strong>dilatione</strong></span> <span class='ocrx_word' id='word_1_174' title='bbox 420 2457 567 2533; x_wconf 83' lang='lat' dir='ltr'><strong>suscipiat</strong></span> <span class='ocrx_word' id='word_1_175' title='bbox 597 2456 646 2516; x_wconf 86' lang='lat' dir='ltr'><strong>vel</strong></span> <span class='ocrx_word' id='word_1_176' title='bbox 673 2455 766 2514; x_wconf 90' lang='lat' dir='ltr'><strong>etiam</strong></span> <span class='ocrx_word' id='word_1_177' title='bbox 792 2455 921 2515; x_wconf 83' lang='lat' dir='ltr'><strong>navibus</strong></span> <span class='ocrx_word' id='word_1_178' title='bbox 949 2456 1097 2535; x_wconf 88' lang='lat' dir='ltr'><strong>imponat,</strong></span> <span class='ocrx_word' id='word_1_179' title='bbox 1130 2464 1161 2518; x_wconf 89' lang='lat' dir='ltr'><strong>et</strong></span> 
     </span>
     <span class='ocr_line' id='line_1_23' title="bbox 146 2552 1160 2630; baseline -0.001 -15"><span class='ocrx_word' id='word_1_180' title='bbox 146 2559 268 2615; x_wconf 86' lang='lat' dir='ltr'><strong>tantum</strong></span> <span class='ocrx_word' id='word_1_181' title='bbox 295 2559 380 2615; x_wconf 85' lang='lat' dir='ltr'><strong>curet</strong></span> <span class='ocrx_word' id='word_1_182' title='bbox 407 2556 445 2614; x_wconf 87' lang='lat' dir='ltr'><strong>ad</strong></span> <span class='ocrx_word' id='word_1_183' title='bbox 467 2556 544 2614; x_wconf 85' lang='lat' dir='ltr'><strong>hano</strong></span> <span class='ocrx_word' id='word_1_184' title='bbox 567 2554 684 2613; x_wconf 87' lang='lat' dir='ltr'><strong>felioem</strong></span> <span class='ocrx_word' id='word_1_185' title='bbox 706 2552 811 2612; x_wconf 90' lang='lat' dir='ltr'><strong>urbem</strong></span> <span class='ocrx_word' id='word_1_186' title='bbox 833 2553 988 2612; x_wconf 88' lang='lat' dir='ltr'><strong>transvehi</strong></span> <span class='ocrx_word' id='word_1_187' title='bbox 1011 2558 1160 2630; x_wconf 90' lang='lat' dir='ltr'><strong>quantum</strong></span> 
     </span>
     <span class='ocr_line' id='line_1_24' title="bbox 147 2650 1158 2713; baseline 0.002 -3"><span class='ocrx_word' id='word_1_188' title='bbox 147 2653 222 2712; x_wconf 81' lang='lat' dir='ltr'><strong>facit</strong></span> <span class='ocrx_word' id='word_1_189' title='bbox 246 2673 341 2713; x_wconf 88' lang='lat' dir='ltr'><strong>oanon</strong></span> <span class='ocrx_word' id='word_1_190' title='bbox 364 2653 428 2712; x_wconf 91' lang='lat' dir='ltr'><strong>eius</strong></span> <span class='ocrx_word' id='word_1_191' title='bbox 451 2652 547 2712; x_wconf 82' lang='lat' dir='ltr'><strong>felicis</strong></span> <span class='ocrx_word' id='word_1_192' title='bbox 571 2651 704 2711; x_wconf 87' lang='lat' dir='ltr'><strong>embolae</strong></span> <span class='ocrx_word' id='word_1_193' title='bbox 728 2650 855 2710; x_wconf 86' lang='lat' dir='ltr'><strong>navibus</strong></span> <span class='ocrx_word' id='word_1_194' title='bbox 878 2651 937 2710; x_wconf 92' lang='lat' dir='ltr'><strong>huo</strong></span> <span class='ocrx_word' id='word_1_195' title='bbox 961 2651 1158 2713; x_wconf 83' lang='lat' dir='ltr'><strong>advehendas.</strong></span> 
     </span>
     <span class='ocr_line' id='line_1_25' title="bbox 148 2749 1161 2826; baseline 0 -16"><span class='ocrx_word' id='word_1_196' title='bbox 148 2751 295 2810; x_wconf 85' lang='lat' dir='ltr'><strong>Similiter</strong></span> <span class='ocrx_word' id='word_1_197' title='bbox 317 2770 387 2810; x_wconf 85' lang='lat' dir='ltr'><strong>vero</strong></span> <span class='ocrx_word' id='word_1_198' title='bbox 411 2750 503 2809; x_wconf 92' lang='lat' dir='ltr'><strong>etiam</strong></span> <span class='ocrx_word' id='word_1_199' title='bbox 525 2749 557 2807; x_wconf 89' lang='lat' dir='ltr'><strong>id</strong></span> <span class='ocrx_word' id='word_1_200' title='bbox 576 2749 656 2825; x_wconf 88' lang='lat' dir='ltr'><strong>quod</strong></span> <span class='ocrx_word' id='word_1_201' title='bbox 674 2766 728 2808; x_wconf 89' lang='lat' dir='ltr'><strong>nos</strong></span> <span class='ocrx_word' id='word_1_202' title='bbox 747 2767 874 2826; x_wconf 84' lang='lat' dir='ltr'><strong>magnae</strong></span> <span class='ocrx_word' id='word_1_203' title='bbox 888 2749 1161 2812; x_wconf 83' lang='lat' dir='ltr'><strong>Alexandrinorum</strong></span> 
     </span>
    </p>
   </div>
   <div class='ocr_carea' id='block_1_4' title="bbox 146 2987 1161 3560">
    <p class='ocr_par' dir='ltr' id='par_1_4' title="bbox 146 2987 1161 3560">
     <span class='ocr_line' id='line_1_26' title="bbox 219 2987 1161 3070; baseline -0.002 -25"><span class='ocrx_word' id='word_1_204' title='bbox 219 2991 265 3060; x_wconf 80' lang='grc'><strong>38)</strong></span> <span class='ocrx_word' id='word_1_205' title='bbox 284 2989 343 3044; x_wconf 76' lang='lat' dir='ltr'><strong>Aut</strong></span> <span class='ocrx_word' id='word_1_206' title='bbox 364 2993 512 3044; x_wconf 82' lang='grc' dir='ltr'><strong><em>ποιεῖσθαι</em></strong></span> <span class='ocrx_word' id='word_1_207' title='bbox 532 2989 613 3059; x_wconf 80' lang='lat' dir='ltr'><strong>legas</strong></span> <span class='ocrx_word' id='word_1_208' title='bbox 635 2991 669 3043; x_wconf 91' lang='lat' dir='ltr'><strong>ut</strong></span> <span class='ocrx_word' id='word_1_209' title='bbox 686 3004 776 3070; x_wconf 80' lang='lat' dir='ltr'><strong>sermo</strong></span> <span class='ocrx_word' id='word_1_210' title='bbox 794 2987 942 3068; x_wconf 73' lang='lat' dir='ltr'><strong>procedat,</strong></span> <span class='ocrx_word' id='word_1_211' title='bbox 962 2991 1013 3043; x_wconf 88' lang='lat' dir='ltr'><strong>aut</strong></span> <span class='ocrx_word' id='word_1_212' title='bbox 1029 2989 1161 3044; x_wconf 84' lang='lat' dir='ltr'><strong>lacunam</strong></span> 
     </span>
     <span class='ocr_line' id='line_1_27' title="bbox 147 3057 1160 3142; baseline -0.001 -26"><span class='ocrx_word' id='word_1_213' title='bbox 147 3064 258 3116; x_wconf 84' lang='lat' dir='ltr'><strong>statuas</strong></span> <span class='ocrx_word' id='word_1_214' title='bbox 290 3076 405 3115; x_wconf 83' lang='lat' dir='ltr'><strong>neeesse</strong></span> <span class='ocrx_word' id='word_1_215' title='bbox 433 3062 477 3114; x_wconf 90' lang='lat' dir='ltr'><strong>est</strong></span> <span class='ocrx_word' id='word_1_216' title='bbox 503 3061 569 3130; x_wconf 84' lang='lat' dir='ltr'><strong>post</strong></span> <span class='ocrx_word' id='word_1_217' title='bbox 596 3057 689 3127; x_wconf 84' lang='grc' dir='ltr'><strong><em>τάξιν,</em></strong></span> <span class='ocrx_word' id='word_1_218' title='bbox 721 3058 790 3114; x_wconf 88' lang='lat' dir='ltr'><strong>l1oet</strong></span> <span class='ocrx_word' id='word_1_219' title='bbox 816 3075 848 3111; x_wconf 93' lang='lat' dir='ltr'><strong>1n</strong></span> <span class='ocrx_word' id='word_1_220' title='bbox 875 3058 935 3140; x_wconf 66' lang='lat' dir='ltr'><strong>eod,</strong></span> <span class='ocrx_word' id='word_1_221' title='bbox 963 3058 1072 3142; x_wconf 75' lang='lat' dir='ltr'><strong>nullum</strong></span> <span class='ocrx_word' id='word_1_222' title='bbox 1100 3061 1160 3115; x_wconf 85' lang='lat' dir='ltr'><strong>eius</strong></span> 
     </span>
     <span class='ocr_line' id='line_1_28' title="bbox 147 3129 1160 3202; baseline -0.003 -15"><span class='ocrx_word' id='word_1_223' title='bbox 147 3131 302 3202; x_wconf 82' lang='lat' dir='ltr'><strong>vestigium</strong></span> <span class='ocrx_word' id='word_1_224' title='bbox 321 3133 463 3201; x_wconf 84' lang='lat' dir='ltr'><strong>appareat.</strong></span> <span class='ocrx_word' id='word_1_225' title='bbox 493 3130 566 3186; x_wconf 86' lang='lat' dir='ltr'><strong>Sane</strong></span> <span class='ocrx_word' id='word_1_226' title='bbox 585 3132 728 3200; x_wconf 84' lang='lat' dir='ltr'><strong>exspectes</strong></span> <span class='ocrx_word' id='word_1_227' title='bbox 746 3130 803 3189; x_wconf 78' lang='lat' dir='ltr'><strong>hoo¹</strong></span> <span class='ocrx_word' id='word_1_228' title='bbox 818 3129 880 3184; x_wconf 87' lang='lat' dir='ltr'><strong>looo</strong></span> <span class='ocrx_word' id='word_1_229' title='bbox 895 3129 1004 3198; x_wconf 88' lang='lat' dir='ltr'><strong>ahqmd</strong></span> <span class='ocrx_word' id='word_1_230' title='bbox 1021 3131 1160 3185; x_wconf 82' lang='lat' dir='ltr'><strong>statutum</strong></span> 
     </span>
     <span class='ocr_line' id='line_1_29' title="bbox 148 3200 1160 3293; baseline -0.002 -36"><span class='ocrx_word' id='word_1_231' title='bbox 148 3219 211 3258; x_wconf 83' lang='lat' dir='ltr'><strong>esse</strong></span> <span class='ocrx_word' id='word_1_232' title='bbox 234 3203 269 3289; x_wconf 74' lang='lat' dir='ltr'><strong>de</strong></span> <span class='ocrx_word' id='word_1_233' title='bbox 291 3201 530 3293; x_wconf 34' lang='lat' dir='ltr'><strong>partevfrumenti</strong></span> <span class='ocrx_word' id='word_1_234' title='bbox 552 3201 589 3255; x_wconf 87' lang='lat' dir='ltr'><strong>ad</strong></span> <span class='ocrx_word' id='word_1_235' title='bbox 611 3201 715 3282; x_wconf 39' lang='lat' dir='ltr'><strong>urbem·</strong></span> <span class='ocrx_word' id='word_1_236' title='bbox 732 3200 841 3282; x_wconf 74' lang='lat' dir='ltr'><strong>regiam</strong></span> <span class='ocrx_word' id='word_1_237' title='bbox 860 3200 1081 3269; x_wconf 78' lang='lat' dir='ltr'><strong>transportando</strong></span> <span class='ocrx_word' id='word_1_238' title='bbox 1100 3202 1160 3283; x_wconf 71' lang='grc' dir='ltr'><strong><em>(τον</em></strong></span> 
     </span>
     <span class='ocr_line' id='line_1_30' title="bbox 147 3271 1159 3423; baseline 0 -25"><span class='ocrx_word' id='word_1_239' title='bbox 147 3273 335 3415; x_wconf 64' lang='grc' dir='ltr'><strong><em>ξίἓέέὲἰὲἰ</em></strong></span> <span class='ocrx_word' id='word_1_240' title='bbox 344 3275 524 3414; x_wconf 65' lang='lat' dir='ltr'><strong>asarta</strong></span> <span class='ocrx_word' id='word_1_241' title='bbox 536 3271 965 3423; x_wconf 53' lang='lat' dir='ltr'><strong>lustrabatur</strong></span> <span class='ocrx_word' id='word_1_242' title='bbox 987 3273 1159 3412; x_wconf 53' lang='lat' dir='ltr'><strong>“altili</strong></span> 
     </span>
     <span class='ocr_line' id='line_1_31' title="bbox 148 3412 1160 3482; baseline -0.003 -12"><span class='ocrx_word' id='word_1_243' title='bbox 148 3416 253 3479; x_wconf 80' lang='grc' dir='ltr'><strong><em>πλέοις.</em></strong></span> <span class='ocrx_word' id='word_1_244' title='bbox 291 3414 411 3470; x_wconf 86' lang='lat' dir='ltr'><strong>Omnino</strong></span> <span class='ocrx_word' id='word_1_245' title='bbox 429 3415 580 3482; x_wconf 81' lang='lat' dir='ltr'><strong>legendum</strong></span> <span class='ocrx_word' id='word_1_246' title='bbox 598 3415 713 3476; x_wconf 81' lang='grc' dir='ltr'><strong><em>πλοίοις.</em></strong></span> <span class='ocrx_word' id='word_1_247' title='bbox 749 3413 876 3469; x_wconf 82' lang='lat' dir='ltr'><strong>Navibus</strong></span> <span class='ocrx_word' id='word_1_248' title='bbox 896 3429 971 3466; x_wconf 86' lang='lat' dir='ltr'><strong>emm</strong></span> <span class='ocrx_word' id='word_1_249' title='bbox 990 3412 1160 3468; x_wconf 74' lang='lat' dir='ltr'><strong>frmentum</strong></span> 
     </span>
     <span class='ocr_line' id='line_1_32' title="bbox 146 3483 844 3560; baseline -0.006 -16"><span class='ocrx_word' id='word_1_250' title='bbox 146 3487 315 3560; x_wconf 89' lang='lat' dir='ltr'><strong>imponitur,</strong></span> <span class='ocrx_word' id='word_1_251' title='bbox 337 3502 395 3541; x_wconf 91' lang='lat' dir='ltr'><strong>non</strong></span> <span class='ocrx_word' id='word_1_252' title='bbox 412 3487 509 3549; x_wconf 81' lang='grc' dir='ltr'><strong><em>πλόοις</em></strong></span> <span class='ocrx_word' id='word_1_253' title='bbox 526 3485 544 3541; x_wconf 91' lang='lat' dir='ltr'><strong>i.</strong></span> <span class='ocrx_word' id='word_1_254' title='bbox 564 3501 588 3540; x_wconf 86' lang='lat' dir='ltr'><strong>e.</strong></span> <span class='ocrx_word' id='word_1_255' title='bbox 607 3483 844 3555; x_wconf 81' lang='lat' dir='ltr'><strong>navigationibus.</strong></span> 
     </span>
    </p>
   </div>
   <div class='ocr_carea' id='block_1_5' title="bbox 909 3574 946 3627">
    <p class='ocr_par' dir='ltr' id='par_1_5' title="bbox 909 3574 946 3627">
     <span class='ocr_line' id='line_1_33' title="bbox 909 3574 946 3627; baseline 0 -21"><span class='ocrx_word' id='word_1_256' title='bbox 909 3574 946 3627; x_wconf 72' lang='lat'><strong>2*</strong></span> 
     </span>
    </p>
   </div>
   <div class='ocr_carea' id='block_1_6' title="bbox 0 0 1332 3922">
    <p class='ocr_par' dir='ltr' id='par_1_6' title="bbox 0 0 1332 3922">
     <span class='ocr_line' id='line_1_34' title="bbox 0 0 1332 3922; baseline 0 0"><span class='ocrx_word' id='word_1_257' title='bbox 0 0 1332 3922; x_wconf 95' lang='lat' dir='ltr'><strong> </strong></span> 
     </span>
    </p>
   </div>
  </div>
 </body>
</html>
