2654 3922
567 157 788 219 „41-

237 315 420 392 Ὑπόλοιπος
453 315 485 380 δὲ
516 319 549 380 ἐν
579 326 642 392 ταῖς
675 319 858 402 εἰσπράξεσιν
890 317 969 380 ἔσται
995 317 1119 399 φροντὶς
1146 321 1187 401 τῷ

174 415 352 502 περιβλέπτιμ
393 416 594 503 αύγουσταλίεμ
629 415 679 478 καλ
715 426 750 502 τῇ
786 414 950 502 πειθομένῃ
987 415 1066 500 αύτῷ
1098 415 1189 490 τάξει,

172 512 236 591 ἥτις
265 512 337 595 ὑπέρ
360 537 389 574 τε
411 523 464 594 τῆς
487 523 692 595 στρατιωτικῆς
715 507 829 597 έσται*)
853 514 1003 593 δαπάνης,
1025 523 1077 593 τῆς
1100 535 1129 573 τε
1152 511 1186 572 ἕν

167 604 370 696 Ἀλεξανδρείᾳ
387 621 440 691 τῆς
459 635 488 672 τε
507 611 555 673 ἐπὶ
572 622 631 673 τῶν
651 612 706 673 δύο
720 612 764 672 Αἰ
763 612 892 692 μύπτιον,
909 609 978 688 [ost
979 610 1008 691 ]
1024 633 1053 672 τε
1066 603 1187 691 asom)

170 713 328 769 πολιτικῶν
346 732 396 769 και
386 708 577 788 σολεμνίοον
594 702 744 792 τελῶνωὸ)
760 717 813 788 τῆς
832 709 958 788 μεγάλης
977 718 1035 769 τῶν
1051 702 1185 782 ’-Αλεξαν

172 803 265 885 δρέοον
283 805 396 878 πόλεως
414 805 464 867 καλ
482 815 540 867 τῶν
555 805 691 888 ἑκατέρας
704 806 869 886 Αἰγύπτου.
877 798 931 887 l⁰9)
964 806 1013 866 dec
1015 798 1067 887 110)
1082 805 1188 866 τοίνυν

170 911 261 964 ταῦτα
279 904 412 989 κινδύνῳ
430 912 482 964 τοῦ
501 901 693 986 περιβλέπτου
713 903 928 984 αύμουσταλίου
946 901 996 964 καλ
1011 911 1064 982 τῆς
1078 908 1183 963 πειθο-

171 997 263 1078 μένης
291 999 371 1085 αύτῷ
393 1002 500 1074 τάξεως
527 999 577 1062 κοιλ
606 999 794 1062 ἀπαιτεῖσθαι
820 999 870 1061 καλ
897 999 1101 1079 ἐπιδίύοσθαι,
1129 998 1212 1060 ούκ.

170 1095 212 1157 έτι
233 1106 286 1159 τοῦ
306 1098 474 1180 πράγματος
492 1097 694 1180 πραττομένου
713 1098 763 1158 διὰ
782 1108 834 1160 τοῦ
854 1097 1039 1178 σκρινιαρίου
1057 1106 1110 1176 τῆς
1129 1105 1186 1175 σῆς

171 1193 333 1275 ὑπεροχῆς,
360 1191 396 1256 ὃν
425 1194 456 1256 ἐκ
483 1205 535 1256 τοῦ
563 1194 753 1277 στρατιωτικὰ
782 1196 905 1257 διοικεῖν
933 1193 1108 1276 στρατιωτὸν
1130 1217 1183 1254 κα-

173 1295 276 1353 λοῦσιν
298 1293 469 1373 Αἰγύπτιοι
494 1287 557 1353 ἀλλ’
583 1286 729 1375 otvogffl)
752 1290 807 1372 μὲν
828 1292 968 1367 καθάπαξ
994 1292 1187 1369 πεπαύσεται,

171 1386 188 1449 ὁ
212 1385 243 1449 δὲ
266 1390 457 1470 περίβλεπτος
480 1389 689 1470 αύγουστύλιος
712 1389 762 1451 καὶ
784 1387 803 1469 ἡ
823 1387 987 1468 πειθομένη
1006 1390 1086 1464 τάξις
1105 1387 1184 1472 αύτῷ

171 1480 211 1546 δι’
237 1483 349 1548 ὁποίων
372 1485 411 1547 dv
434 1487 599 1567 βουληθείη
622 1487 740 1568 τρόποιν
764 1487 861 1573 οἰκείῳ
884 1487 1016 1572 κινδύνῳ
1043 1485 1098 1565 την
1126 1485 1185 1546 εἴσ-

242 1688 276 1766 [ἓ
301 1694 352 1752 13.
382 1693 538 1766 Ιικμικοαε
559 1693 713 1760 militares,
741 1692 837 1751 αόιλοε
860 1696 886 1750 et
907 1688 1058 1764 solennes]
1104 1690 1185 1748 Reli·

171 1807 232 1864 qua
264 1807 334 1848 vero
367 1807 439 1848 cura
470 1789 502 1847 in
534 1788 739 1848 exactionibus
771 1788 928 1864 spectabili
955 1786 1120 1866 Augustali
1153 1791 1185 1846 ot

170 1887 252 1963 quod
283 1886 341 1963 ipsi
372 1889 459 1962 paret
491 1886 588 1946 officio
622 1887 691 1964 erit,
724 1905 801 1963 quae
834 1886 913 1945 circa
939 1885 1102 1944 militarem
1129 1885 1185 1943 im·

170 2001 294 2060 pensam
325 1986 389 2043 tam
411 1984 610 2043 Alexandriae
643 2003 735 2061 quam
762 1983 794 2042 in
821 1984 938 2042 duabus
961 1983 1121 2061 Aegyptio,
1154 1987 1187 2042 et

170 2081 249 2140 circa
272 2080 373 2140 civiles
397 2083 428 2140 et
451 2082 586 2140 solennes
610 2084 748 2158 sumptus
766 2100 894 2159 magnae
912 2082 1184 2141 Alexandrinorum

170 2178 254 2237 urbis
294 2182 324 2237 et
360 2178 519 2255 utriusque
553 2178 686 2256 Aegypti
722 2182 867 2238 versatur.
928 2177 1055 2254 Opoitet
1090 2179 1187 2257 igitur

171 2277 245 2334 haec
267 2276 400 2353 periculo
425 2275 595 2351 spectabilis
618 2275 798 2353 Augustalis
821 2277 852 2333 et
875 2274 965 2334 officii
988 2276 1047 2350 ipsi
1070 2277 1185 2336 obtem-

169 2373 303 2448 perantis
326 2374 358 2431 et
380 2371 459 2450 exigi
482 2375 512 2431 et
534 2372 695 2450 praestari,
725 2371 846 2448 negotio
869 2391 930 2430 non
952 2373 1083 2446 amplius
1106 2376 1184 2432 trac·

169 2471 262 2529 tando
282 2489 300 2528 a
319 2469 472 2529 scriniario
492 2472 563 2528 tuae
583 2467 775 2528 excellentiae
795 2487 884 2544 quem
898 2467 1042 2546 Aegyptii
1061 2471 1186 2544 propter

170 2567 460 2627 administrationem
482 2585 582 2626 rerum
609 2565 789 2625 militarium
817 2562 991 2643 στρατιωτὸν
1014 2567 1184 2643 appellant:

170 2664 292 2723 sedhic
316 2663 436 2740 quidem
458 2683 580 2741 prorsus
604 2664 740 2740 cessabit,
763 2663 934 2739 spectabilis
957 2667 1060 2723 autem
1078 2664 1184 2744 Augu-

169 2762 256 2820 stalis
285 2764 315 2820 et
343 2761 475 2821 officium
498 2762 526 2820 ei
550 2762 757 2838 obtemperans
781 2761 1010 2837 quibuscunque
1032 2763 1185 2822 voluerint

242 2947 267 3015 *)
283 2941 357 3002 έστλθ
396 2952 458 3015 107)
472 2947 538 3003 Cod.
552 2956 608 3003 τῶν
622 2967 651 3002 τε
666 2946 720 3001 sol.
738 2946 882 3016 Agylaeus
897 2945 938 3002 ἔτι
951 2965 1001 3016 pro
1012 2945 1185 3004 dulmavult.

171 3017 226 3072 Sed
241 3017 372 3072 librandus
387 3018 425 3072 ad
439 3019 581 3074 anteriora
594 3025 643 3101 τῇς
656 3037 686 3072 τε
701 3012 748 3072 ἐπὶ
761 3025 816 3072 τῶν
827 3017 977 3085 aberravit,
992 3022 1022 3072 et
1031 3018 1107 3086 quod
1116 3019 1183 3072 sori·

168 3089 236 3143 bere
251 3088 351 3143 debuit
364 3086 434 3158 ὑπέρ
448 3108 478 3144 τε
492 3097 547 3144 τῶν
563 3089 667 3143 omisit.
724 3093 785 3157 108)
801 3087 980 3143 Conieceram
994 3088 1062 3142 olim
1076 3085 1182 3143 τλτλων,

170 3159 275 3214 Verum
300 3161 375 3214 enim
397 3176 462 3214 vero
486 3158 563 3222 τέλος
585 3159 638 3213 hoc
661 3160 724 3214 loco
746 3175 803 3213 non
827 3157 950 3228 vectigal
973 3158 1116 3247 significat
1134 3160 1184 3213 sed

169 3230 336 3300 impensam,
357 3234 507 3300 sumptum.
545 3229 585 3286 cf.
606 3248 691 3300 supra
708 3233 765 3284 not.
782 3235 824 3284 st.
898 3234 959 3296 109)
979 3224 1185 3318 θοάὲτατερα

169 3299 221 3370 Alo
212 3250 308 3356 Ρ.ύτιτω
350 3301 520 3355 Emendavit
551 3301 704 3370 Agylaeue.
746 3299 840 3354 Minus
871 3301 968 3369 placet
1000 3295 1078 3354 έν
1064 3299 1184 3374 εκατέρμ

168 3371 307 3453 Alyattem,
326 3373 402 3442 quod
417 3371 788 3462 Osenbritggenproposuit.
856 3373 916 3440 110)
936 3369 1003 3426 Cod.
1021 3369 1054 3426 εἰ.
1082 3355 1183 3425 Emen-

169 3415 353 3498 cavalicen
429 3446 490 3514 111)
509 3443 575 3499 cod.
596 3441 689 3504 οὕτως.
