2654 3922
571 179 790 243 ,48-

174 343 278 425 λὲγειν,
300 340 351 404 τὸν
371 339 402 403 δὲ
422 339 462 412 ὡς
481 339 597 403 ἔλαττον
617 341 713 421 λάβοι,
736 334 799 401 ἀλλ’
816 339 849 400 ἐκ
867 348 919 418 τῆς
938 339 1008 417 όλης
1026 339 1193 419 ποσότητος

174 452 233 503 τῶν
264 441 364 522 χιλίων
397 436 577 500 ὀκτακοσίων
610 435 794 519 ὀγδοήκοντα
824 431 970 518 ἕννέαῑῧθ)
998 437 1192 516 νομισμάτων

174 544 382 618 κουφισθηναι
400 537 586 616 τριακοσίους
603 534 745 614 ἑξήκοντα
758 533 845 597 ἐννέα
859 535 986 616 χρυσοίις
1001 529 1192 617 (βουλόμεθα

174 636 230 718 γὰρ
252 635 305 695 καί
325 657 352 694 τι
375 632 656 714 φιλανθρωπότερον
679 643 731 712 τῆς
755 631 905 714 ἀκριβείας
928 634 1036 714 πρᾶξαι
1057 631 1107 693 καὶ
1141 631 1194 692 διὰ

175 731 229 810 την
266 740 318 792 τοῦ
355 729 427 790 κατὰ
464 729 568 816 καιρὸν
605 730 818 811 αόγουσταλίου
856 729 1051 810 συγκρότησιν
1082 727 1194 802 άλλους

179 828 232 908 [μὴ
255 820 470 910 καταβλάψαι),
493 821 619 909 ὥστε]*)
642 829 753 908 χιλίους
776 827 987 900 πεντακοσίους
1009 827 1102 888 εἴκοσι
1120 851 1194 907 χρυ-

176 926 248 999 σοὺς
281 925 392 1004 μόνους
424 924 457 985 ἐκ
486 935 538 986 τοῦ
571 926 668 986 τίτλον
696 917 960 1007 εἰσφόρεσθαιῙΜ),
992 923 1021 998 ἐξ
1050 917 1093 984 ὧν
1121 925 1194 996 τοὺς

176 1023 362 1103 τριακοσίους
394 1023 487 1084 εἴκοσι
514 1023 641 1103 χρυσοὺς
668 1021 762 1107 ἑαυτῷ
790 1027 927 1103 λογιεῖται
954 1019 971 1082 ὁ
999 1022 1193 1104 περίβλεπτος

177 1121 389 1203 αιἰγουστάλιος
420 1120 567 1201 προφάσει
597 1129 655 1182 τῶν
682 1121 839 1202 τριάκοντα
861 1121 895 1194 ἓξ
923 1119 1029 1180 πώλων
1038 1112 1104 1201 135),
1137 1117 1193 1192 οὓς
1268 1129 1272 1136 ’

177 1217 291 1300 ἀνάγκη
323 1224 483 1299 παρασχεῖν
515 1217 594 1302 αὐτῷ
626 1217 675 1278 ἐπὶ
706 1227 742 1302 τῇ
770 1213 1031 1300 ίπποδρομίᾳ“τῆς
1057 1211 1193 1291 Ἀλεξαν-

179 1313 272 1397 δρέων
295 1313 424 1375 κατὰτὸ
447 1311 568 1375 άνωθεν
591 1325 720 1396 κρατοῦν
744 1314 831 1394 ἔθος,
858 1315 928 1386 τοὺς
952 1311 983 1374 δὲ
1006 1313 1192 1386 ὑπολοίπους

178 1412 288 1493 χιλίους
313 1412 482 1483 διακοσίους
505 1413 746 1493 καταλογίζεσθαι
768 1403 861 1484 αὖθις
880 1411 958 1497 αὐτῷ
978 1411 1020 1483 είς
1039 1410 1091 1482 τάς
1110 1410 1192 1488 σιτή-

178 1526 238 1581 σεις
267 1507 320 1580 τάς
347 1506 469 1587 ἑαυτοῦ,
501 1508 578 1569 οίίτω
605 1530 635 1570 τε
661 1509 694 1570 τὸ
721 1519 840 1590 πρᾶγμα
867 1507 990 1570 εόλυτον
1018 1501 1110 1586 εἶναι,
1141 1507 1193 1568 καὶ

177 1605 233 1684 τὴν
260 1603 384 1687 άρχαίαν
412 1607 560 1684 φυλάττον
588 1604 675 1686 ὁδὸν,
703 1605 753 1667 καὶ
781 1605 886 1686 μηδενὶ
913 1610 1062 1678 παντελῶς
1086 1604 1192 1666 άὸειαν

182 1873 274 1950 pisse,
302 1873 354 1931 sed
381 1894 417 1932 ex
438 1873 579 1932 universa
602 1892 719 1932 summa
741 1873 823 1930 mille
847 1871 1087 1950 octingentorum
1111 1876 1192 1932 σολο-

178 1970 264 2047 ginta
287 1989 394 2028 novem
417 1989 576 2029 aureorum
596 1970 724 2029 relevari
741 1972 890 2029 trecentos
910 1970 1065 2047 sexaginta
1084 1990 1194 2030 novem

179 2080 285 2124 aureos
318 2057 472 2146 (volumus
505 2066 584 2124 enim
615 2067 774 2144 benignius
808 2086 899 2143 quam
931 2066 1101 2126 accuratius
1128 2088 1194 2126 rem

180 2164 311 2221 tractare
343 2165 374 2220 et
405 2165 528 2239 propter
559 2163 743 2223 collisionem
775 2183 829 2239 pro
855 2167 989 2240 tempore
1012 2163 1192 2242 Augustalis

179 2259 256 2318 alios
275 2257 348 2334 [non
366 2250 470 2339 laedi)
493 2258 605 2336 itaut]
629 2261 711 2320 mille
735 2259 895 2338 quingenti
916 2260 1026 2338 viginti
1050 2262 1134 2321 aurei
1157 2282 1194 2320 ex

179 2376 213 2416 eo
237 2357 329 2416 titulo
354 2358 566 2436 expendantur,
590 2379 626 2418 ex
649 2359 758 2435 quibus
781 2360 930 2416 trecentos
953 2358 1062 2436 viginti
1086 2377 1193 2418 aureos

180 2455 237 2513 sibi
259 2455 390 2532 imputet
412 2455 583 2532 spectabilis
602 2455 781 2533 Augustalis
805 2454 861 2513 sub
883 2458 1043 2530 praetextu
1065 2457 1193 2534 triginta

182 2570 232 2611 sex
254 2554 408 2628 pullorum
431 2571 506 2628 quos
530 2570 647 2611 neeesse
671 2552 762 2610 habet
786 2552 976 2628 subpeditare
999 2553 1079 2611 ludis
1103 2574 1192 2631 eque·

101 2644 104 2650 ’
180 2649 291 2707 stribus
314 2648 397 2706 urbis
415 2648 686 2707 Alexandrinorum
709 2668 744 2706 ex
766 2649 980 2708 consuetudine
1004 2650 1119 2709 dudum
1142 2651 1192 2711 ob·

180 2745 303 2822 tinente,
326 2745 458 2820 reliquos
481 2763 550 2804 vero
574 2744 656 2804 mille
680 2745 823 2805 ducentos
846 2746 904 2805 sibi
926 2746 987 2804 iam
1009 2747 1041 2805 in
1059 2766 1193 2808 annones

180 2861 250 2900 suas
273 2842 431 2918 imputare,
455 2841 549 2900 etsie
573 2861 635 2900 rem
659 2842 828 2918 expeditam
850 2861 922 2920 esse,
945 2846 1012 2901 tum
1035 2845 1194 2920 antiquam

179 2939 261 2998 viam
290 2940 458 2998 servantem
484 2941 551 2998 tum
578 2939 691 2998 nemini
718 2959 840 3016 prorsus
864 2959 968 2999 ansam
991 2939 1193 3016 improbitatis

254 3177 315 3247 133)
334 3177 415 3232 Adde
435 3179 485 3233 obv
505 3180 604 3248 ἡμίσει.
633 3179 704 3232 Vide
723 3180 820 3233 tamen
832 3181 892 3233 not.
908 3185 967 3232 124.
1036 3181 1061 3250 *)
1080 3180 1193 3234 Lacuna

180 3247 210 3300 in
233 3246 294 3303 eod.
322 3266 380 3303 non
403 3252 534 3318 apparet,
572 3249 620 3303 sed
650 3266 722 3317 quae
746 3249 876 3319 supplevi
899 3251 944 3304 vel
967 3249 1073 3305 similia
1094 3254 1127 3305 ut
1145 3251 1193 3304 ad-

182 3318 285 3372 dantur
303 3336 400 3374 sensus
418 3320 552 3391 postulat.
644 3325 706 3387 134)
725 3319 823 3374 Malim
842 3315 1030 3391 ἐκφέρεσθαι,
1056 3323 1088 3375 ut
1107 3338 1192 3390 supra

183 3389 310 3511 θελχώτὸν
346 3398 396 3444 τοῦ
433 3385 586 3460 ἐξαγωγίου
622 3393 714 3446 τίτλον
752 3385 916 3460 ἐκφέροντα.
1027 3394 1089 3462 135)
1126 3390 1193 3448 (lod.

181 3477 220 3512 πυ
260 3478 325 3514 νων.
