2654 3922
535 185 753 248 -11-

139 340 172 404 δὲ
194 341 244 404 καὶ
267 343 299 406 οἱ
318 339 571 428 πολιτευόμενοιδ)
594 344 645 407 καὶ
664 345 695 408 οἱ
709 340 902 430 πράκτορεςθ)
921 355 980 408 τῶν
998 347 1151 428 δημοσίων

137 439 189 502 καὶ
226 440 426 522 διαφερόντως
465 441 521 520 [οἱ]
557 442 631 504 κατὰ
667 443 771 525 καιρὸν
807 438 978 526 άρχοντεςῖ)
1009 445 1086 508 οὕτω
1118 445 1150 508 τὸ

138 547 260 620 πρᾶγμα
282 536 364 622 μέχρι
381 548 440 602 νῦν
459 540 637 620 limitetur,
659 537 700 613 ὡς
718 540 825 620 μηδενὶ
844 541 996 605 δύνασθαι
1011 542 1152 624 γενέσθαι

135 797 209 857 chae
236 816 308 857 vero
336 800 366 857 et
393 798 521 858 curiales
544 801 575 858 et
598 799 651 876 qui
673 800 795 876 publica
818 800 1031 860 administrant
1053 805 1083 860 et
1105 801 1150 860 in·

133 893 241 970 primis
259 913 314 971 pro
328 896 462 972 tempore
475 897 620 972 praefecti
633 917 697 956 rem
710 895 854 958 hactenus'
868 898 913 958 ita
927 898 1148 977 ‹lisposuertmt

134 1138 249 1206 yacyor)
263 1134 398 1189 scribunt.
417 1167 453 1176 -
470 1133 624 1206 Παγάρχης
638 1138 681 1190 est
694 1135 762 1206 pagi
775 1136 943 1206 praefectus,
962 1153 1019 1192 non
1033 1153 1148 1208 „gover-

134 1223 189 1260 nor
225 1206 257 1262 of
286 1222 303 1260 a
329 1204 455 1278 village“
481 1207 557 1276 quod
582 1206 771 1277 Sophocles
799 1206 902 1277 (Greek
924 1207 1045 1264 Lexicon
1069 1211 1149 1278 1888)

134 1276 240 1345 voluit,
259 1277 308 1332 sed
326 1277 408 1346 pagi,
429 1285 479 1332 τοῦ
498 1277 604 1348 πάγον,
629 1280 708 1332 cuius
727 1277 850 1332 ambitus
868 1279 963 1348 κώμοις
981 1278 1030 1333 καὶ
1047 1277 1150 1341 τόπους

134 1347 376 1418 complectebatur
398 1347 526 1418 adeoque
548 1349 631 1404 urbes
656 1351 770 1419 praeter
792 1364 839 1404 eas
858 1349 961 1418 quibus
980 1349 1065 1423 βουλὴ
1085 1366 1149 1404 con·

133 1435 217 1473 cessa
234 1421 315 1476 esset.
338 1427 428 1490 πάγος
441 1436 535 1490 papas
552 1413 644 1490 (aliud
657 1423 747 1490 πάγος
759 1421 847 1490 collis)
861 1419 1059 1489 antiquissima
1074 1421 1149 1475 desi·

134 1488 233 1560 gnatio
248 1492 292 1544 est
304 1489 441 1545 territorii
454 1490 530 1559 quod
543 1489 635 1545 tribus
650 1489 746 1559 aliqua
759 1490 915 1559 inhabitat3
930 1508 965 1546 ea
974 1508 1028 1546 vox
1038 1491 1148 1561 graecis

134 1562 165 1614 et
179 1559 284 1614 italicis
298 1561 431 1630 gentibue
446 1560 601 1630 antiquitus
615 1562 770 1616 communis
780 1561 842 1616 luit.
861 1563 942 1616 Anno
952 1580 979 1630 p.
987 1562 1050 1616 (thr.
1058 1580 1086 1616 n.
1096 1567 1148 1618 340

133 1629 225 1700 πάγος
242 1630 273 1684 in
286 1632 417 1702 Aegypto
436 1631 558 1687 occurrit
571 1634 708 1701 tanquam
721 1648 787 1700 pars
801 1631 879 1686 nomi
892 1632 940 1702 (ιδ’
956 1631 1046 1702 πάγος
1058 1640 1148 1702 νομοῦ

133 1696 341 1772 ἕρμοτολείτοο,
351 1703 386 1757 of.
396 1703 528 1758 Tafelnz.
540 1703 650 1757 tlteren
658 1701 920 1773 griech.Palae0gr.
930 1701 981 1756 Lei
1003 1701 1048 1773 aig
1058 1707 1148 1784 1891),

133 1789 160 1828 a.
185 1778 237 1828 365
268 1773 465 1843 praepositura
491 1789 629 1845 pagorum
656 1773 863 1828 nominatorum
890 1720 1015 1843 periculo
1043 1776 1147 1828 constr-

133 1843 242 1898 tuenda
260 1844 337 1913 (eod.
358 1851 400 1913 10,
416 1852 459 1910 78,
473 1852 498 1913 8,
517 1861 602 1913 quam
620 1843 713 1914 legem
726 1843 862 1914 Ducange
876 1843 1014 1913 adduxit).
1035 1843 1112 1900 Sacc.
1123 1845 1148 1897 V

133 1915 254 1970 exeunte
271 1914 395 1971 Isidorus
412 1915 558 1971 Pelusicta
570 1914 619 1971 lib.
635 1922 651 1970 8
670 1915 752 1985 epist.
768 1921 801 1971 91
822 1914 998 1985 aDucangio
1011 1914 1146 1970 laudatus

134 1984 246 2040 scribit:
264 1983 405 2058 πάγαρχοι
423 1991 576 2042 καλοῦνται
593 1984 672 2057 παρά
689 2004 762 2041 τισιν
781 1983 811 2041 οἱ
825 1995 881 2042 τῶν
899 1995 1000 2057 νωμῶν
1019 1983 1035 2054 ἢ
1054 1985 1148 2042 τάττων

133 2065 219 2112 τινῶν
242 2056 382 2128 ἄρχοντες.
414 2059 520 2113 Nostra
542 2057 588 2112 lex
606 2057 836 2113 denominatione
853 2057 991 2128 pagarchi
1008 2059 1146 2126 tanquam

133 2127 262 2200 generali
287 2129 378 2194 utitur
405 2132 438 2182 ut
463 2128 621 2199 praefectos
646 2127 794 2199 regionum
815 2127 939 2200 Aegypti
957 2131 1025 2198 (non
1047 2127 1147 2198 Libyci

132 2199 246 2270 limitis)
264 2198 411 2270 significet,
430 2216 503 2268 quae
517 2217 575 2254 non
589 2199 708 2254 subsunt
721 2205 779 2263 τοῖς
792 2195 1025 2269 πολιτευομένοις.
1052 2199 1145 2265 Quan-

132 2275 182 2328 tae
210 2271 387 2326 auctoritatis
413 2271 575 2342 pagarohae
596 2271 714 2338 fuerint,
743 2270 937 2326 demonstrant
959 2286 1031 2338 quae
1050 2285 1111 2339 cap.
1131 2270 1145 2324 I

135 2349 203 2410 §12
227 2344 257 2396 et
279 2358 339 2410 cap.
358 2343 398 2396 111
415 2349 461 2408 §3
489 2342 525 2396 de
552 2340 708 2396 remotione
732 2341 939 2410 pagarcharum
961 2340 1078 2409 (similia
1102 2341 1147 2394 his

133 2430 207 2484 quae
227 2411 294 2469 (lod.
314 2421 338 2482 1,
356 2421 400 2481 31,
419 2420 435 2467 8
454 2413 490 2467 de
507 2411 649 2467 iudicibus
668 2409 818 2464 ordinariis
837 2413 946 2465 statuta
965 2413 1041 2478 sunt)
1060 2412 1144 2466 etde

134 2483 273 2541 electione
315 2499 332 2536 a
371 2485 500 2537 reharum
523 2483 644 2552 abipso
667 2481 838 2550 imperatore
857 2481 1048 2536 confirmanda
1066 2499 1146 2551 prae-

133 2555 252 2626 cipiunt.
287 2500 370 2608 [loli
388 2553 557 2624 explicatur,
576 2553 652 2622 quod
670 2551 777 2634 mevit
794 2551 828 2608 cl.
847 2551 1005 2634 Wilcken
1024 2552 1146 2634 efloouit!

134 2625 276 2696 quomodo
303 2623 334 2677 in
357 2624 552 2679 instrumentis
574 2640 740 2694 papyraceis
764 2623 994 2677 Berolinensrbus
1020 2640 1075 2676 vm
1099 2641 1148 2693 qu1

134 2695 323 2763 ἐνδοξότατοι,
340 2693 512 2765 litatorem,
527 2692 816 2766 μεγαλοπρεπέστατον
830 2693 951 2750 audiunt
963 2692 1147 2765 interpagar·

133 2769 203 2823 chas
218 2765 359 2821 recenseri
371 2765 528 2836 potuerint:
542 2765 584 2819 ita
598 2785 624 2822 v.
634 2781 657 2821 c.
671 2781 797 2836 papyrus
810 2781 855 2821 no.
870 2769 940 2821 8558
956 2763 991 2819 de
1010 2772 1147 2821 annotet

133 2838 287 2907 inscriptus
323 2840 367 2892 est
399 2841 447 2892 ot.
477 2833 588 2891 ’Λτάονι
618 2842 656 2909 τῷ
688 2832 861 2910 ἐνδοξοτάτῳ
893 2835 1065 2910 στρατηλάτῃ
1099 2837 1149 2892 καὶ

132 2905 1152 3049 11111111111181111111111111111111111118

134 3052 208 3106 Sunt
220 3049 316 3131 potius
325 3051 442 3105 curiales
451 3066 548 3104 earum
557 3047 669 3103 urbium
675 3049 922 3120 Aegyptiacorum,
933 3048 1035 3119 quibus
1046 3049 1149 3122 βουλὴν

135 3122 156 3177 i.
175 3138 200 3176 e.
223 3137 330 3176 cunam
352 3121 459 3175 habere
478 3135 642 3175 concessum
660 3123 735 3174 erat:
754 3119 795 3174 sic
814 3121 901 3176 etiam
918 3119 1006 3175 vertit
1023 3119 1149 3174 Autben·
1226 3167 1227 3170 ,

133 3193 226 3247 ticum
248 3192 279 3246 in
296 3191 367 3247 Nou.
387 3191 456 3246 CLII
475 3195 549 3261 (188)
568 3207 592 3246 ο.
611 3197 637 3245 t.
656 3195 681 3245 8.
718 3190 760 3245 De
783 3190 847 3247 istis
870 3191 987 3246 urbibus
1009 3191 1148 3246 videndus

133 3264 320 3319 Mommsen
336 3269 405 3318 rom.
425 3261 525 3318 Geseh.
544 3262 569 3316 V
588 3261 632 3316 ed.
650 3267 708 3332 3p.
723 3268 783 3323 517,
857 3268 884 3330 6)
902 3261 1064 3331 Ποάκτοοες
1083 3263 1149 3315 sunt

136 3334 189 3404 qui
207 3333 243 3389 τὰ
261 3334 382 3404 δημόσιοι
398 3333 568 3404 πράττουσιν
582 3331 600 3387 i.
616 3349 640 3388 e.
655 3333 789 3400 tractant,
808 3333 882 3388 unde
895 3331 970 3387 inita
983 3331 1149 3402 accurrerat

136 3407 283 3461 vocantur.
348 3409 375 3476 t)
394 3404 487 3474 Vulgo
504 3405 652 3476 praesides.
685 3404 784 3473 Neque
802 3406 899 3460 tamen
916 3403 952 3457 de
970 3402 1148 3472 praesidibus

136 3475 347 3548 eparchiamm,
371 3476 421 3531 sed
444 3476 480 3532 de
501 3474 647 3546 praelecto
665 3475 816 3545 Augustali
837 3491 928 3531 sermo
947 3491 1009 3530 esse
1027 3474 1150 3531 videtur.
