2654 3922
562 163 781 228 ...ηρ-

167 325 238 385 ὥστε
267 323 425 405 ἐκπέμπειν
452 325 543 388 αδτὸν
570 327 668 411 οἰκείῳ
694 327 826 412 κινδύνῳ
853 324 903 387 καί
929 336 988 388 τῶν
1015 325 1186 409 ἐπιχωρίων

166 419 314 502 ἀρχόντων
335 421 386 484 καί
408 432 467 484 τῶν
486 421 674 503 πειθομένων
694 423 795 497 αὐτοῖς
812 422 921 496 τάξεων
938 423 1011 484 κατὰ
1029 422 1084 503 την
1100 417 1181 486 Ἀλε-

164 517 327 602 ξανδρέων,
354 513 427 581 καθ’
457 521 528 582 ὅσον
558 521 616 598 [αἱ]
639 514 692 581 ἐπ’
722 520 813 584 αὐτὸν
839 518 1009 601 τεταγμέναι
1034 523 1129 602 χῶροί
1148 544 1184 584 τε

163 615 213 677 καὶ
239 615 339 690 πόλεις
364 611 624 702 [είσφέρουσι].”6)
673 617 911 680 κινδυνευόντων
941 617 992 679 καί
1019 628 1077 680 τῶν
1105 624 1179 699 λαμ·
1275 605 1278 612 ’

164 715 315 794 προτοίτων
350 716 516 798 τριβούνων
551 714 602 776 καί
637 715 734 794 ποίσης
769 719 935 795 πολιτικῆς·
952 714 1003 776 καὶ
1032 717 1185 797 δημοσίας

163 812 309 891 βοηθείας
339 809 408 894 περί
434 835 464 874 τε
490 811 545 892 τὴν
573 813 670 892 ζώνην
697 812 747 874 καί
772 812 828 892 τὴν
855 813 1028 895 περιουσίαν
1049 813 1099 874 καί
1122 812 1183 892 τὴν

164 909 308 989 σωτηρίαν
332 909 441 990 αὐτὴν,
463 911 490 971 εί
511 909 552 989 μη
575 909 765 989 έπαμδναιεν.
802 909 873 971 ἀλλὰ
896 919 949 990 τῆς
972 908 1025 990 μέν
1044 909 1179 972 ἐνταῦθα

162 1005 302 1087 εὐτυχοῦς
324 1008 519 1087 σιτοπομπίας
541 1005 622 1090 μέχρι
646 1007 769 1086 δεκάτης
795 1016 844 1069 τοῦ
868 1008 1062 1090 σεπτεμβρίου
1081 1007 1181 1087 μηνὸς

161 1101 285 1182 ἑκάστης
306 1103 504 1184 ἐπινεμήσεως

165 1235 1113 1246 ,,,,,,,,,,,,,,,
1122 1197 1183 1278 ιι)

162 1298 190 1358 εί
212 1297 253 1377 μὴ
277 1297 420 1378 έκπέμψει
441 1299 491 1360 καί
509 1298 678 1382 παραδώσει
694 1299 767 1360 κατὰ
785 1299 840 1379 τὴν
857 1293 1071 1383 Ἀλεξανδρέων
1089 1300 1181 1361 πόλιν

161 1510 441 1590 Alexandrinorum,
464 1515 501 1572 ut
524 1513 587 1590 ipse
610 1513 744 1590 periculo
767 1513 888 1590 proprio
913 1516 943 1572 et
965 1513 1177 1592 indigenarum

160 1609 296 1669 iudicum
315 1612 346 1669 et
364 1609 531 1670 offioiorum
550 1611 592 1670 eis
612 1610 883 1687 obtemperantium
901 1611 1005 1670 mittat
1018 1611 1057 1670 ud
1070 1610 1178 1670 urbem

160 1707 433 1768 Alexandrinorum
456 1711 605 1785 quantum
627 1709 764 1787 regiones
787 1710 818 1766 et
839 1707 929 1767 urbes
948 1707 1003 1766 sub
1021 1708 1087 1785 ipso
1107 1728 1178 1769 eon-

161 1805 287 1864 stitutue
316 1807 486 1865 eonfenmt:
513 1806 682 1883 perieulum
710 1804 908 1864 subeuntibus
932 1805 1024 1865 etiam
1046 1806 1177 1866 clarissi-

159 1901 217 1960 mis
240 1903 370 1961 tn'bunis
389 1905 420 1962 et
438 1903 519 1963 omni
538 1902 620 1963 civili
639 1906 670 1962 et
687 1903 809 1979 publico
829 1902 989 1981 adiutorio,
1011 1905 1076 1962 tum
1094 1903 1177 1963 eirea

160 1998 317 2076 cingulum
344 2017 436 2074 quum
462 1999 541 2058 eirea
570 1999 772 2058 substantium
799 2002 890 2075 atque
914 1999 1012 2076 ipsum
1035 2001 1177 2078 sulutem,

160 2095 185 2153 si
208 2114 296 2171 opem
318 2115 378 2154 non
401 2095 534 2154 tulerint.
577 2096 635 2155 Sed
657 2115 727 2155 eum
744 2097 889 2156 frumenti
906 2097 965 2157 hue
982 2096 1056 2156 felix
1074 2100 1173 2156 truns-

158 2193 256 2253 vectio
280 2211 376 2269 usque
401 2193 439 2252 ad
462 2191 610 2252 decimum
633 2193 712 2252 diem
734 2194 844 2254 mensis
868 2193 1050 2271 Septembris
1074 2195 1176 2254 cuius·

160 2309 218 2366 que
242 2289 414 2350 indictionis
438 2289 516 2365 [fieri
539 2291 654 2370 debeat,
677 2291 796 2351 mittere
820 2310 890 2350 eum
908 2293 939 2350 et
956 2292 1073 2351 tradere
1092 2312 1176 2351 men-

159 2405 261 2447 suram
288 2388 384 2448 felicis
412 2389 546 2448 embolae
573 2389 632 2448 huc
655 2388 890 2448 transvehendse
913 2407 1010 2465 usque
1034 2389 1072 2448 ad
1095 2388 1175 2449 diem

159 2504 273 2545 nonum
295 2485 405 2544 mensis
428 2485 570 2564 Augusti,
594 2486 674 2564 exigi
697 2488 800 2545 eutem
823 2485 860 2545 ub
884 2486 949 2562 ipso
972 2486 1069 2544 tribus
1093 2489 1175 2546 arta·

157 2582 204 2641 bis
227 2602 281 2659 pro
304 2601 488 2659 unoquoque
507 2601 598 2642 aureo
617 2583 826 2659 computandis
844 2583 989 2642 frumenti
1007 2581 1176 2659 reliquum]

159 2679 240 2755 quod
263 2699 323 2739 non
345 2679 461 2738 miserit
484 2682 514 2739 et
536 2679 695 2739 tradiderit
717 2681 756 2739 ad
778 2679 884 2739 urbem
902 2679 1175 2784 Alexandrinorum

230 2885 292 2949 226)
317 2881 350 2936 ud
371 2884 400 2937 et
424 2879 585 2954 είσφέροοσι
600 2882 668 2938 Cod
687 2899 744 2938 non
762 2884 900 2952 agnoseit,
919 2883 969 2951 qui
988 2901 1024 2939 ne
1040 2883 1174 2937 lacunam

157 2953 272 3020 quidem
299 2952 414 3008 indicat.
501 2957 564 3022 227)
591 2954 624 3007 In
651 2952 718 3008 cod.
747 2970 804 3007 non
831 2957 875 3008 est
902 2952 1020 3008 lacunae
1053 2954 1174 3035 signum.

156 3023 328 3078 Exciderunt
346 3025 442 3077 tumen
462 3041 533 3092 quee
552 3023 680 3093 pluribus
699 3023 782 3078 lineis
801 3023 945 3079 exarata
936 3042 966 3080 m
986 3023 1083 3080 codice
1097 3024 1173 3095 prin—

157 3093 275 3165 cipali
266 3113 298 3148 1n
320 3095 375 3148 fine
393 3094 517 3164 paginae
535 3094 711 3164 legebantur.
741 3094 818 3160 Quae
838 3111 871 3149 ex
890 3111 913 3151 ο.
927 3095 966 3148 ΠΙ
981 3101 996 3162 5
1012 3102 1028 3150 6
1047 3095 1174 3166 suppleri

156 3168 288 3235 possunt,
311 3165 385 3219 forte
409 3165 462 3220 sie:
491 3168 623 3236 γίνεσθαι
646 3164 812 3235 ὀφειλούσης
835 3161 988 3254 ἐκπέμπειν
1014 3167 1101 3222 αὐτὸν
1124 3166 1174 3220 καί

156 3235 350 3324 παραδιδόναι
386 3235 418 3290 τὸ
449 3257 499 3305 της
531 3232 659 3290 ἐνταῦθα
692 3231 903 3306 έκπεμπομένης
935 3235 1028 3300 αίσίας
1055 3233 1175 3310 ἐμβολῆς

156 3305 257 3395 μέτρον
276 3304 357 3377 μέχρι
374 3314 423 3375 τῆς
442 3301 576 3398 έννοίτης
577 3315 627 3361 τον
632 3308 803 3396 αδηοδστον
822 3308 917 3378 μηνὸς,
936 3258 1123 3363 ἀπαιτεῖσθαι
1140 3307 1172 3362 δέ

155 3376 229 3430 κατὰ
256 3385 341 3445 τριῶν
369 3376 541 3466 ἀρτάβων
528 3376 598 3446 νπὲρ
627 3372 745 3433 ἕκαστον
773 3381 941 3448 νομίσματος
964 3387 1014 3433 τοῦ
1039 3381 1116 3434 σίτον
1140 3379 1174 3434 τὸ

157 3441 285 3501 ἐλλεῖπον
305 3445 319 3501 δ
338 3446 376 3515 μὴ
397 3443 535 3518 έκπέμηει
554 3451 610 3502 κτί
