2654 3922
584 147 804 210 „12-

188 309 348 390 γνώριμον,
371 309 473 381 αὐτοῖς
497 305 528 368 δὲ
552 307 655 388 μόνοις
674 305 831 388 ἕττικερδίς.
868 306 969 386 ἐπειδὴ
988 307 1101 385 τοίνυν,
1124 307 1212 388 εἴπερ

189 408 399 486 καταλίποιμεν
418 404 451 466 ἐν
471 403 560 486 δμάδι
577 405 609 467 τὸ
629 415 749 487 πρᾶγμα
768 405 986 486 διοικούμενον,
1005 404 1060 466 οὐκ
1078 402 1116 465 άν
1135 426 1209 466 ποτε

190 503 360 584 ἰσχύσωμεν
392 501 464 564 αὐτὸ
498 503 680 585 διακαθᾶραι
710 501 761 563 καὶ
791 503 875 576 τάξαι
901 502 1124 584 προσηκόντως,
1155 501 1211 562 διὰ

189 610 275 661 τοῦτο
299 599 473 679 συνείδομεν
496 599 551 678 τὴν
570 599 674 681 ἀρχὴν,
697 599 771 681 ἥπερ
790 597 950 678 ἐφέστηκεν
968 605 1029 671 τοῖς
1048 599 1211 680 Αίμάτττου

188 696 357 778 πράγμασιν
380 691 494 779 (φαμὲν
518 694 550 758 δὲ
573 697 628 776 τὴν
651 706 711 759 τῶν
734 690 979 778 αὐγουσταλίων),
1003 694 1211 777 μετριωτέροις

188 792 340 874 ἐπιστῆσαι
363 795 528 875 φροντίσιν.
566 793 602 856 οὐ
621 793 676 876 γάρ
695 792 734 856 διν
754 795 876 856 δύναιτο
895 793 1005 878 ῥαδίως
1024 788 1066 865 εἷς
1083 791 1209 874 ἀνθρώ-

188 913 249 952 που
267 901 341 963 νοῦς
360 893 515 964 τοσαύταις
534 889 653 972 ἀρκέσαι
672 891 837 972 μερίμναις,
853 889 904 952 καὶ
922 889 954 952 τὸ
972 900 1092 972 πρᾶγμα
1110 891 1211 963 οὕτως

190 992 351 1068 διαθεῖναι,
371 988 443 1050 ὥστε
462 989 604 1068 αἴσθησιν
621 985 694 1068 ἡμῖν
710 987 830 1070 ἀγαθὴν
843 986 876 1049 ἐν
891 982 1003 1072 αδτῷὸ)
1018 996 1211 1067 καταστῆσαι.

256 1182 315 1243 Art
342 1192 429 1244 τοῦτο
457 1183 559 1266 τοίνυν
586 1183 766 1262 θεσπίζομεν
789 1180 844 1260 τὴν
868 1181 924 1260 σὴν
948 1180 1096 1262 ὑπεροχὴν
1118 1180 1209 1242 τόνδε

191 1277 276 1360 ἡμῶν
318 1279 368 1341 τὸν
405 1279 452 1341 ἐπὶ
489 1281 581 1364 τούτῳ
617 1279 712 1359 νόμον
748 1273 1071 1361 παραλαμβάνουσαν9)
1109 1278 1209 1352 οὕτως

189 1376 261 1438 αὐτὸ
270 1370 308 1460 1⁰)
333 1377 498 1456 διαθεῖναι,
521 1374 561 1449 ὡς
584 1374 668 1450 άξιόν
691 1375 770 1437 ἔστιν
792 1372 871 1455 ἡμᾶς
894 1373 948 1456 μὲν
970 1376 1126 1455 θεσπίσαι,
1148 1374 1209 1453 τὴν

189 1557 225 1613 ut
251 1555 364 1614 nemini
381 1557 483 1631 posset
501 1573 563 1614 esse
583 1554 707 1634 cognitu
724 1555 832 1632 facilia,
853 1554 926 1630 ipsis
945 1557 1048 1613 autem
1066 1554 1138 1614 solis
1157 1553 1205 1612 lu-

189 1671 281 1712 crosa.
306 1652 454 1723 Quoniam
468 1652 571 1731 igitur,
586 1653 612 1711 si
625 1674 688 1713 ram
701 1673 756 1729 per
764 1652 950 1713 aversionem
959 1651 1204 1711 administratam

188 1751 412 1828 reliquerimuS‚
436 1770 503 1809 eam
525 1751 576 1810 vix
597 1770 733 1826 unquam
755 1749 905 1826 possimus
927 1767 1057 1826 purgare
1080 1751 1111 1807 et
1133 1766 1207 1807 con·

189 1848 343 1906 venientcr
357 1846 502 1924 ordinare,
520 1847 587 1907 ideo
601 1848 806 1923 perspeximus
820 1846 1112 1906 administrationem
1127 1864 1206 1921 quae

190 1943 324 2020 Aegypti
346 1943 435 2002 rebus
458 1945 578 2018 praeest
596 1937 812 2024 (Augustalem
835 1943 975 2018 dicimus)
998 1941 1209 2002 moderatiori·

190 2041 247 2098 bus
282 2040 361 2099 curis
397 2039 627 2115 praeficiendam
657 2058 727 2100 esse.
782 2041 851 2100 Non
882 2040 970 2100 facilc
1003 2039 1083 2099 enim
1113 2039 1210 2096 unius

189 2137 318 2196 hominis
350 2155 434 2195 mens
466 2140 513 2196 tot
541 2137 621 2196 curis
654 2136 789 2196 sufficere
821 2137 918 2212 possit
940 2140 971 2196 et
992 2157 1056 2196 rem
1078 2137 1122 2194 ita
1146 2135 1208 2194 dis-

189 2253 308 2312 ponere,
331 2236 369 2292 ut
389 2232 501 2293 bonam
523 2235 571 2293 sui
594 2234 736 2294 notitiam
759 2234 844 2294 nobis
867 2236 1008 2310 praestet.

227 2461 357 2540 [Caput
375 2464 398 2523 I.
431 2464 481 2524 De
506 2464 836 2525 Alexandrinorum
857 2463 946 2522 urbe
969 2467 1004 2522 et
1027 2462 1166 2522 duabus

600 2559 797 2638 Aegyptis]

258 2699 290 2776 [ἓ
311 2705 338 2760 1.
364 2699 466 2761 Cicilia
485 2699 720 2777 administratio]
754 2702 917 2779 Propterea
939 2701 1035 2780 igitur
1053 2700 1209 2759 sancimus

189 2798 396 2858 excellentiam
419 2799 505 2856 tuam
527 2797 637 2857 hanoea
662 2817 753 2874 super
775 2817 811 2858 ea
833 2819 864 2858 rc
888 2800 986 2877 legem
1008 2798 1206 2874 accipientem

189 2895 234 2954 ita
257 2914 324 2954 eam
346 2894 510 2972 disponere,
534 2893 613 2954 sicut
635 2895 761 2974 dignum
783 2900 830 2955 est
847 2899 912 2954 tam
929 2897 1033 2956 nostra
1051 2894 1208 2954 sanctione

260 3074 288 3140 8)
304 3070 370 3126 Cod.
383 3070 413 3126 ἐν
427 3073 510 3144 αὐτῷ.
530 3071 586 3127 Sed
600 3073 657 3126 iam
669 3072 733 3143 lege
747 3067 778 3126 ἐν
793 3073 875 3145 αὐτῷ.
898 3072 971 3126 Nam
981 3072 1097 3142 ἀγαθὴν
1108 3077 1202 3141 (sensu

189 3143 294 3209 ethico)
317 3144 452 3211 αἴσθησιν
476 3159 520 3199 res
542 3143 591 3197 vix
613 3143 670 3197 dici
693 3146 789 3213 potest
810 3145 969 3212 praestare,
996 3145 1039 3199 ita
1062 3145 1095 3197 ut
1117 3159 1205 3211 quam

189 3214 258 3269 olim
289 3230 491 3282 proposueram
523 3213 685 3268 coniectura
717 3209 763 3268 ἐπ’
791 3215 866 3286 αὐτῷ
900 3213 959 3270 scil.
991 3220 1029 3286 τῷ
1060 3213 1203 3284 πράγματι

188 3283 332 3339 reicienda
351 3284 397 3339 sit.
475 3288 502 3354 9)
522 3283 588 3340 cod.
607 3284 885 3357 παραλαμβάνουσιν.
962 3288 1007 3356 10)
1025 3284 1092 3339 Ccd.
1107 3283 1204 3340 attic.

191 3355 246 3410 Sed
270 3355 422 3426 legendum
445 3353 513 3411 αδτό
537 3355 597 3410 scil.
617 3356 648 3410 τὸ
667 3364 795 3426 πρᾶγμα,
815 3354 990 3410 sicutmodo
1008 3355 1207 3425 praeceditrt

188 3435 304 3497 πρᾶγμα
324 3429 479 3483 διαθεῖναι.
