2654 3922
518 201 737 264 „13-

118 360 152 424 dt
183 361 239 441 σην
267 360 416 443 ύπεροχην
444 361 640 444 ὑπουργῆσαι.
686 360 757 434 τέως
785 352 841 422 cdv
869 360 919 422 τὸν
942 362 1136 443 περίβλεπτον

118 459 335 541 αύγουστοίλιον
367 460 539 540 βουλόμεθα
571 458 663 539 αὐτῆς
690 481 719 520 τε
744 452 1008 542 Ἀλεξανδρείαςῃ)
1037 456 1136 540 ύρχειν

118 557 170 620 καί
188 555 327 618 ἁπάντων
345 565 404 618 τῶν
422 552 487 618 κατ’
508 555 603 636 αὐτὴν
622 557 799 638 φροντίζειν,
822 555 872 617 καλ
890 556 964 637 πρός
982 579 1014 637 γε
1033 557 1088 618 δύο
1097 550 1135 640 12)

118 656 281 736 Αἰγύπτου
298 653 349 715 καλ
367 654 479 734 μόνον,
502 653 684 739 ἐξῃρημένον
703 663 756 715 τοῦ
774 651 933 734 λεγομένου
948 656 1136 715 Μενελαΐτου

120 762 174 832 τῆς
196 752 308 825 πόλεως
330 751 394 831 ἥτις
416 750 477 812 ἐστὶ
499 745 662 834 opusnest)
682 751 850 832 Αἰγύπτου,
872 749 923 811 καλ
940 750 1014 832 πρός
1032 774 1064 832 γε
1083 761 1135 813 τοῦ

118 843 352 932 Mopsum-¹4)
389 844 436 910 ἐπ’
468 848 592 922 ε’τιείνοις
624 847 680 931 γοίρ
711 847 747 909 τὰ
763 858 764 861 ’
778 847 876 909 εἰκότα
903 849 1135 928 ὃτατυπώσομεν.

118 948 292 1028 βουλόμεθα
324 944 356 1006 δέ
389 945 481 1008 αύτὸν
513 945 553 1020 ὡς
581 947 694 1029 εἴρηται
720 943 760 1024 μη
792 945 887 1025 μόνης
907 940 1135 1027 Ἀλεξανδρείας,

118 1044 193 1106 ἀλλὰ
216 1044 267 1106 καὶ
289 1053 347 1105 τῶν
371 1045 426 1108 δύο
449 1045 611 1126 Αἰγύπτων
635 1039 721 1126 (μετὰ
739 1043 794 1123 την
814 1042 972 1126 εἰρημένην
990 1043 1134 1127 ἐξαίρεσιν

117 1153 172 1204 τού
196 1165 225 1203 τε
248 1141 416 1223 Μαρεώτου
439 1141 559 1203 καὶτοῦ
578 1127 781 1224 Μενελαΐτου)
801 1139 928 1222 ίίρχοντα
944 1143 1135 1221 καθεστάναι,

118 1240 192 1302 ὥστε
209 1239 262 1301 τὸν
280 1236 407 1321 ι’ίρχουτα
424 1238 476 1300 τὸν
494 1238 650 1321 ἐπιχώριον
658 1233 697 1322 15)
717 1249 775 1300 τῶν
794 1237 957 1321 εἰρημένων
976 1239 1031 1301 δύο
1045 1238 1135 1321 έπαρ-

117 1455 213 1512 quam
225 1435 391 1495 ministerio
405 1437 476 1494 tuae
491 1434 692 1495 excellentiae.
716 1435 816 1514 Igitur
826 1435 1020 1511 spectabilem
1029 1434 1135 1513 Augu-

117 1533 228 1591 stalem
249 1531 348 1608 ipsam
369 1531 582 1592 Alexandriam
606 1532 814 1592 administrare
838 1535 869 1591 et
892 1532 1027 1592 omnium
1049 1532 1080 1589 in
1099 1551 1135 1591 ea

119 1649 226 1690 euram
252 1629 360 1688 habere
388 1629 528 1688 volumus
556 1632 587 1689 et
614 1629 737 1705 insuper
764 1629 839 1688 duas
862 1628 1018 1706 Aegyptos
1047 1629 1134 1704 solas,

119 1731 259 1803 exempta
286 1726 360 1786 urbe
384 1745 461 1802 quae
484 1727 647 1785 Menelaita
670 1725 781 1785 dicitur
808 1728 839 1784 et
864 1725 979 1801 primae
1002 1725 1135 1803 Aegypti

119 1828 180 1902 est,
205 1827 236 1884 et
263 1824 386 1900 insuper
411 1825 561 1885 Mareota:
595 1823 630 1882 de
658 1823 705 1881 his
733 1823 812 1882 enim
840 1824 1039 1882 consentanca
1066 1841 1134 1883 con·

120 1921 226 1982 stituri
254 1939 365 1980 sumus.
410 1921 560 1981 Volumus
588 1922 691 1979 autem
714 1939 783 1980 eum
805 1939 866 1979 non
890 1919 983 1979 solius
1006 1919 1135 1978 Alexan-

118 2019 203 2079 driae
227 2020 278 2079 sed
296 2019 389 2078 etiam
407 2018 536 2077 duarum
554 2017 765 2097 Aegyptorum
784 2010 868 2098 (post
887 2017 1000 2076 dictam
1018 2037 1135 2093 exemp-

117 2117 233 2177 tionem
250 2118 402 2175 Mareotae
422 2119 453 2175 ct
469 2108 663 2198 Menelaites)
686 2115 872 2191 praefectum
890 2133 962 2192 esse,
986 2117 1023 2172 ut
1045 2115 1134 2173 iudex

192 2287 236 2354 11)
255 2285 340 2354 Apud
365 2283 524 2339 Hieroclem
552 2283 606 2354 (ed.
628 2282 752 2351 Parthey
773 2301 800 2352 p.
824 2285 870 2353 46)
898 2285 928 2337 et
954 2282 985 2336 in
1013 2281 1133 2350 antiqua

116 2353 536 2498 λλλωέἒὲὲλλέλέῗζρέέ·
549 2372 589 2477 ιλ·
605 2355 659 2477 ili
683 2353 1134 2477 :assuescamus

117 2498 150 2552 in
168 2497 233 2552 aliis
252 2495 428 2552 documentis
443 2495 489 2564 (cf.
503 2495 536 2551 U.
551 2494 693 2562 Wilcken,
707 2494 772 2549 Obs.
791 2493 828 2546 ad
842 2493 993 2548 historiam
1007 2465 1132 2563 Abgypti

119 2587 148 2639 p.
169 2574 205 2637 ⁷),
229 2567 380 2638 opponitur
402 2564 598 2635 eparchiarum
620 2565 751 2634 urbibus,
776 2566 876 2634 utpote
896 2565 976 2618 sedes
995 2563 1134 2633 praefecti

118 2639 285 2710 Augustalis
314 2655 331 2692 a
358 2655 414 2706 quo
442 2636 606 2692 immediate
631 2638 664 2691 ut
689 2636 731 2691 ita
755 2635 849 2690 dicam
872 2635 1036 2705 regebatur,
1066 2635 1134 2688 dum

119 2713 232 2764 ceterae
257 2709 342 2764 urbes
366 2724 432 2762 suos
454 2707 613 2778 praefectos
636 2707 783 2762 haberent.
875 2711 920 2774 12)
946 2706 1045 2760 Malim
1069 2714 1133 2760 τῶν

120 2781 174 2836 δύο
197 2779 257 2850 Αἰγ.
354 2784 397 2848 13)
416 2779 482 2834 Ood.
506 2778 561 2833 πὸ
584 2785 641 2847 τῆς.
732 2781 777 2847 14)
796 2779 822 2831 Α
843 2777 883 2831 ud
901 2776 1061 2832 Hieroclem
1078 2777 1134 2846 (ed.

119 2851 245 2920 Parthey
263 2867 290 2920 p.
305 2853 351 2920 46)
365 2851 486 2904 habetur
499 2800 566 2904 urbs
580 2849 756 2918 Μενελαΐτης
769 2847 800 2902 in
828 2850 936 2924 παργίγι
951 2847 1134 2938 Αἰγυπτιακγ),

119 2923 151 2976 in
182 2921 296 2976 Notitia
327 2937 412 2991 supra
442 2920 561 2975 laudata
588 2919 643 2990 (ed.
671 2919 794 2989 Parthey
821 2938 849 2989 p.
873 2922 918 2988 80)
951 2917 982 2972 in
1015 2918 1135 2994 innoxios

119 2992 262 3062 Αἰγύπτου
285 2991 443 3062 πατριοίργη
466 2991 539 3062 (lege
558 2992 665 3062 πρώτη)
684 2993 866 3045 recensentur
883 2992 967 3045 urbes
985 2994 1135 3059 Μαρεῶτις

120 3067 151 3119 et
165 3068 347 3119 Μανελειτῶν
366 3063 440 3132 (lege
458 3066 660 3130 Μενελαϊτῶν).
716 3064 761 3132 15)
779 3061 859 3127 Quod
874 3059 997 3130 ἄρχοντα
1011 3060 1134 3114 iudicem

121 3139 151 3190 et
166 3135 256 3206 ἀρχὴν
270 3133 546 3188 administrationem
559 3132 649 3187 latine
662 3131 783 3202 reddidi„
797 3130 937 3186 latinitati
950 3130 1051 3185 horum
1064 3133 1134 3184 tem-

119 3223 230 3276 porum,
248 3224 275 3260 v.
290 3223 312 3260 ο.
327 3205 438 3272 Iuliani,
456 3203 621 3260 Authentici
640 3202 779 3259 convenit.
809 3201 978 3273 Ἐπιχώριον
996 3202 1078 3256 verto
1092 3202 1133 3255 in·

122 3277 263 3346 digenam.
292 3276 373 3332 Certe
388 3275 464 3345 apud
479 3274 645 3329 Strabonem
657 3292 686 3343 p.
699 3279 750 3328 797
761 3291 803 3342 sq.
817 3273 872 3328 hoc
886 3288 969 3326 sensu
983 3274 1135 3341 usurpatur

122 3351 152 3402 et
175 3347 275 3402 eodem
299 3363 384 3401 sensu
405 3349 439 3402 ut
459 3345 572 3401 videtur
589 3345 661 3400 Nor.
681 3344 790 3399 CLXVI
809 3346 883 3416 (134)
903 3359 927 3396 c.
946 3348 975 3411 1,
1000 3359 1054 3411 quo
1073 3342 1134 3397 loco

121 3418 258 3473 Authant.
277 3418 375 3474 vertit:
393 3417 526 3472 vicaneos
545 3415 661 3471 iudices.
697 3414 792 3485 Vulgo
810 3416 925 3470 vertunt
943 3417 1136 3484 magistratum

118 3491 327 3560 prouincialem,
346 3489 423 3558 quod
441 3488 553 3543 videtur
572 3485 687 3557 probari
706 3503 729 3541 ο.
748 3486 775 3540 Il
793 3492 809 3554 ς
827 3493 854 3543 4.
