<?xml version="1.0" encoding="UTF-8"?>
<!DOCTYPE html PUBLIC "-//W3C//DTD XHTML 1.0 Transitional//EN"
    "http://www.w3.org/TR/xhtml1/DTD/xhtml1-transitional.dtd">
<html xmlns="http://www.w3.org/1999/xhtml" xml:lang="en" lang="en">
 <head>
  <title>
</title>
<meta http-equiv="Content-Type" content="text/html;charset=utf-8" />
  <meta name='ocr-system' content='tesseract 3.04.00' />
  <meta name='ocr-capabilities' content='ocr_page ocr_carea ocr_par ocr_line ocrx_word'/>
</head>
<body>
  <div class='ocr_page' id='page_1' title='image "./appendixadediti00linggoog_0106.png"; bbox 0 0 2654 3922; ppageno 0'>
   <div class='ocr_carea' id='block_1_1' title="bbox 488 163 707 228">
    <p class='ocr_par' dir='ltr' id='par_1_1' title="bbox 488 163 707 228">
     <span class='ocr_line' id='line_1_1' title="bbox 488 163 707 228; baseline 0 -21"><span class='ocrx_word' id='word_1_1' title='bbox 488 163 707 228; x_wconf 64' lang='grc'>..65-</span> 
     </span>
    </p>
   </div>
   <div class='ocr_carea' id='block_1_2' title="bbox 88 323 1107 992">
    <p class='ocr_par' dir='ltr' id='par_1_2' title="bbox 88 323 1107 992">
     <span class='ocr_line' id='line_1_2' title="bbox 90 323 1105 407; baseline -0.003 -17"><span class='ocrx_word' id='word_1_2' title='bbox 90 327 186 390; x_wconf 83' lang='grc' dir='ltr'><strong><em>αύτοϋ</em></strong></span> <span class='ocrx_word' id='word_1_3' title='bbox 204 331 338 406; x_wconf 75' lang='grc' dir='ltr'><strong><em>τελευτῆς</em></strong></span> <span class='ocrx_word' id='word_1_4' title='bbox 356 323 413 400; x_wconf 74' lang='grc' dir='ltr'><strong><em>ἕξει</em></strong></span> <span class='ocrx_word' id='word_1_5' title='bbox 431 325 486 404; x_wconf 83' lang='grc' dir='ltr'><strong>τὴν</strong></span> <span class='ocrx_word' id='word_1_6' title='bbox 504 324 676 404; x_wconf 84' lang='grc' dir='ltr'><strong><em>ἀνταίτησιν·</em></strong></span> <span class='ocrx_word' id='word_1_7' title='bbox 694 323 872 405; x_wconf 78' lang='grc' dir='ltr'><strong><em>κληρονόμοι</em></strong></span> <span class='ocrx_word' id='word_1_8' title='bbox 890 346 920 386; x_wconf 85' lang='grc' dir='ltr'><strong><em>τε</em></strong></span> <span class='ocrx_word' id='word_1_9' title='bbox 937 324 993 407; x_wconf 79' lang='grc' dir='ltr'><strong>γὰρ</strong></span> <span class='ocrx_word' id='word_1_10' title='bbox 1012 325 1105 388; x_wconf 84' lang='grc' dir='ltr'><strong>αύτοῦ</strong></span> 
     </span>
     <span class='ocr_line' id='line_1_3' title="bbox 91 420 1107 505; baseline -0.004 -19"><span class='ocrx_word' id='word_1_11' title='bbox 91 422 145 486; x_wconf 84' lang='grc' dir='ltr'><strong>καὶ</strong></span> <span class='ocrx_word' id='word_1_12' title='bbox 166 423 202 486; x_wconf 84' lang='grc' dir='ltr'><strong>τὰ</strong></span> <span class='ocrx_word' id='word_1_13' title='bbox 225 423 318 485; x_wconf 80' lang='grc' dir='ltr'><strong><em>αὐτοῦ</em></strong></span> <span class='ocrx_word' id='word_1_14' title='bbox 339 424 496 505; x_wconf 80' lang='grc' dir='ltr'><strong><em>πράγματα</em></strong></span> <span class='ocrx_word' id='word_1_15' title='bbox 513 429 576 496; x_wconf 86' lang='grc' dir='ltr'><strong><em>ταῖς</em></strong></span> <span class='ocrx_word' id='word_1_16' title='bbox 594 423 743 496; x_wconf 74' lang='grc' dir='ltr'><strong><em>τοιαύταις</em></strong></span> <span class='ocrx_word' id='word_1_17' title='bbox 761 420 910 496; x_wconf 78' lang='grc' dir='ltr'><strong><em>ἐνέξονιαι</em></strong></span> <span class='ocrx_word' id='word_1_18' title='bbox 927 423 1107 503; x_wconf 84' lang='grc' dir='ltr'><strong><em>δυσκολίαις,</em></strong></span> 
     </span>
     <span class='ocr_line' id='line_1_4' title="bbox 90 514 1104 606; baseline -0.002 -23"><span class='ocrx_word' id='word_1_19' title='bbox 90 531 145 602; x_wconf 75' lang='grc' dir='ltr'><strong>τῆς</strong></span> <span class='ocrx_word' id='word_1_20' title='bbox 176 520 292 583; x_wconf 76' lang='grc' dir='ltr'><strong><em>ἐκείνου</em></strong></span> <span class='ocrx_word' id='word_1_21' title='bbox 320 521 471 606; x_wconf 69' lang='grc' dir='ltr'><strong><em>ῥᾳθυμίας</em></strong></span> <span class='ocrx_word' id='word_1_22' title='bbox 500 522 623 600; x_wconf 80' lang='grc' dir='ltr'><strong><em>διηνεκῆ</em></strong></span> <span class='ocrx_word' id='word_1_23' title='bbox 651 520 793 599; x_wconf 79' lang='grc' dir='ltr'><strong><em>διδούσης</em></strong></span> <span class='ocrx_word' id='word_1_24' title='bbox 820 514 884 580; x_wconf 88' lang='grc' dir='ltr'><strong><em>κατ’</em></strong></span> <span class='ocrx_word' id='word_1_25' title='bbox 914 519 1013 581; x_wconf 78' lang='grc' dir='ltr'><strong><em>αὐτῶν</em></strong></span> <span class='ocrx_word' id='word_1_26' title='bbox 1039 521 1104 581; x_wconf 88' lang='grc' dir='ltr'><strong><em>κίν-</em></strong></span> 
     </span>
     <span class='ocr_line' id='line_1_5' title="bbox 90 613 1104 701; baseline -0.001 -21"><span class='ocrx_word' id='word_1_27' title='bbox 90 618 186 680; x_wconf 91' lang='grc' dir='ltr'><strong><em>δυνόν</em></strong></span> <span class='ocrx_word' id='word_1_28' title='bbox 213 641 243 680; x_wconf 91' lang='grc' dir='ltr'><strong><em>τε</em></strong></span> <span class='ocrx_word' id='word_1_29' title='bbox 271 616 321 679; x_wconf 80' lang='grc' dir='ltr'><strong>καὶ</strong></span> <span class='ocrx_word' id='word_1_30' title='bbox 348 617 494 701; x_wconf 83' lang='grc' dir='ltr'><strong><em>φροντίδα</em></strong></span> <span class='ocrx_word' id='word_1_31' title='bbox 520 617 571 679; x_wconf 86' lang='grc' dir='ltr'><strong>καὶ</strong></span> <span class='ocrx_word' id='word_1_32' title='bbox 597 618 764 700; x_wconf 82' lang='grc' dir='ltr'><strong><em>εἴσπραξιν,</em></strong></span> <span class='ocrx_word' id='word_1_33' title='bbox 793 615 848 690; x_wconf 74' lang='grc' dir='ltr'><strong>ἕως</strong></span> <span class='ocrx_word' id='word_1_34' title='bbox 875 613 894 696; x_wconf 78' lang='grc' dir='ltr'><em>ἡ</em></span> <span class='ocrx_word' id='word_1_35' title='bbox 918 627 971 679; x_wconf 84' lang='grc' dir='ltr'><strong>τού</strong></span> <span class='ocrx_word' id='word_1_36' title='bbox 993 616 1104 690; x_wconf 86' lang='grc' dir='ltr'><strong><em>παντὸς</em></strong></span> 
     </span>
     <span class='ocr_line' id='line_1_6' title="bbox 88 712 1105 798; baseline -0.002 -20"><span class='ocrx_word' id='word_1_37' title='bbox 88 715 194 798; x_wconf 73' lang='grc' dir='ltr'><strong><em>χρέους</em></strong></span> <span class='ocrx_word' id='word_1_38' title='bbox 221 715 294 777; x_wconf 81' lang='grc' dir='ltr'><strong><em>κατὰ</em></strong></span> <span class='ocrx_word' id='word_1_39' title='bbox 322 714 372 778; x_wconf 85' lang='grc' dir='ltr'><strong>τὸν</strong></span> <span class='ocrx_word' id='word_1_40' title='bbox 400 712 556 798; x_wconf 76' lang='grc' dir='ltr'><strong><em>εἰρημένον</em></strong></span> <span class='ocrx_word' id='word_1_41' title='bbox 583 715 693 797; x_wconf 78' lang='grc' dir='ltr'><strong><em>τρόπον</em></strong></span> <span class='ocrx_word' id='word_1_42' title='bbox 719 713 840 796; x_wconf 77' lang='grc' dir='ltr'><strong><em>γένηται</em></strong></span> <span class='ocrx_word' id='word_1_43' title='bbox 868 715 1009 788; x_wconf 78' lang='grc' dir='ltr'><strong><em>διάλυσις.</em></strong></span> <span class='ocrx_word' id='word_1_44' title='bbox 1054 713 1105 776; x_wconf 80' lang='grc' dir='ltr'><strong>καλ</strong></span> 
     </span>
     <span class='ocr_line' id='line_1_7' title="bbox 92 805 1104 896; baseline -0.003 -21"><span class='ocrx_word' id='word_1_45' title='bbox 92 811 164 875; x_wconf 78' lang='grc' dir='ltr'><strong><em>ούδὲ</em></strong></span> <span class='ocrx_word' id='word_1_46' title='bbox 195 811 364 890; x_wconf 77' lang='grc' dir='ltr'><strong><em>καινίζομὲν</em></strong></span> <span class='ocrx_word' id='word_1_47' title='bbox 390 835 418 874; x_wconf 92' lang='grc' dir='ltr'><strong>τι</strong></span> <span class='ocrx_word' id='word_1_48' title='bbox 445 805 537 896; x_wconf 59' lang='lat' dir='ltr'><strong>rom)</strong></span> <span class='ocrx_word' id='word_1_49' title='bbox 565 812 605 892; x_wconf 74' lang='grc' dir='ltr'><strong>μὴ</strong></span> <span class='ocrx_word' id='word_1_50' title='bbox 634 811 715 894; x_wconf 77' lang='grc' dir='ltr'><strong><em>μέχρι</em></strong></span> <span class='ocrx_word' id='word_1_51' title='bbox 741 821 799 873; x_wconf 82' lang='grc' dir='ltr'><strong>νύν</strong></span> <span class='ocrx_word' id='word_1_52' title='bbox 820 811 982 893; x_wconf 77' lang='grc' dir='ltr'><strong><em>γενόμενον</em></strong></span> <span class='ocrx_word' id='word_1_53' title='bbox 1004 811 1104 890; x_wconf 73' lang='grc' dir='ltr'><strong><em>ἐπιζη-</em></strong></span> 
     </span>
     <span class='ocr_line' id='line_1_8' title="bbox 91 898 1103 992; baseline -0.002 -19"><span class='ocrx_word' id='word_1_54' title='bbox 91 921 220 983; x_wconf 83' lang='grc' dir='ltr'><strong><em>τοῦντες.</em></strong></span> <span class='ocrx_word' id='word_1_55' title='bbox 266 910 350 991; x_wconf 83' lang='grc' dir='ltr'><strong><em>ἴσμεν</em></strong></span> <span class='ocrx_word' id='word_1_56' title='bbox 372 909 438 992; x_wconf 77' lang='grc' dir='ltr'><strong><em>γὰρ,</em></strong></span> <span class='ocrx_word' id='word_1_57' title='bbox 461 908 501 983; x_wconf 79' lang='grc' dir='ltr'><strong>ὥς</strong></span> <span class='ocrx_word' id='word_1_58' title='bbox 523 909 574 971; x_wconf 78' lang='grc' dir='ltr'><strong>καὶ</strong></span> <span class='ocrx_word' id='word_1_59' title='bbox 594 905 735 989; x_wconf 77' lang='grc' dir='ltr'><strong><em>Ἰωάννης</em></strong></span> <span class='ocrx_word' id='word_1_60' title='bbox 758 907 773 970; x_wconf 85' lang='grc' dir='ltr'>ὁ</span> <span class='ocrx_word' id='word_1_61' title='bbox 796 898 986 984; x_wconf 75' lang='grc' dir='ltr'><strong><em>ἐνδοξότατος</em></strong></span> <span class='ocrx_word' id='word_1_62' title='bbox 1000 909 1103 989; x_wconf 81' lang='grc' dir='ltr'><strong><em>Κομή-</em></strong></span> 
     </span>
    </p>
   </div>
   <div class='ocr_carea' id='block_1_3' title="bbox 90 1002 1104 1137">
    <p class='ocr_par' dir='ltr' id='par_1_3' title="bbox 90 1002 1104 1137">
     <span class='ocr_line' id='line_1_9' title="bbox 90 1002 1104 1137; baseline -0.003 -67"><span class='ocrx_word' id='word_1_63' title='bbox 90 1002 205 1090; x_wconf 53' lang='grc' dir='ltr'><strong><em>τουῗοῙ)</em></strong></span> <span class='ocrx_word' id='word_1_64' title='bbox 232 1017 285 1089; x_wconf 81' lang='grc' dir='ltr'><strong>τῆς</strong></span> <span class='ocrx_word' id='word_1_65' title='bbox 312 1013 551 1137; x_wconf 57' lang='grc' dir='ltr'><strong><em>μεγαλμμξρεπούς</em></strong></span> <span class='ocrx_word' id='word_1_66' title='bbox 578 1007 697 1087; x_wconf 82' lang='grc' dir='ltr'><strong><em>μνήμης</em></strong></span> <span class='ocrx_word' id='word_1_67' title='bbox 719 1012 790 1080; x_wconf 85' lang='grc' dir='ltr'><strong><em>παῖς</em></strong></span> <span class='ocrx_word' id='word_1_68' title='bbox 812 1005 869 1089; x_wconf 86' lang='grc' dir='ltr'><strong>πρὸ</strong></span> <span class='ocrx_word' id='word_1_69' title='bbox 893 1015 946 1085; x_wconf 79' lang='grc' dir='ltr'><strong>τῆς</strong></span> <span class='ocrx_word' id='word_1_70' title='bbox 969 1011 1104 1086; x_wconf 79' lang='grc' dir='ltr'><strong><em>συμπλη</em></strong></span> 
     </span>
    </p>
   </div>
   <div class='ocr_carea' id='block_1_4' title="bbox 27 1094 1104 1576">
    <p class='ocr_par' dir='ltr' id='par_1_4' title="bbox 27 1094 1104 1576">
     <span class='ocr_line' id='line_1_10' title="bbox 87 1094 1104 1187; baseline -0.001 -21"><span class='ocrx_word' id='word_1_71' title='bbox 87 1107 205 1187; x_wconf 85' lang='grc' dir='ltr'><strong><em>ρύσεως</em></strong></span> <span class='ocrx_word' id='word_1_72' title='bbox 227 1114 281 1168; x_wconf 81' lang='grc' dir='ltr'><strong>τοῦ</strong></span> <span class='ocrx_word' id='word_1_73' title='bbox 304 1104 396 1167; x_wconf 86' lang='grc' dir='ltr'><strong><em>αύτου</em></strong></span> <span class='ocrx_word' id='word_1_74' title='bbox 442 1094 573 1187; x_wconf 60' lang='grc' dir='ltr'><strong><em>)’μηυὸς</em></strong></span> <span class='ocrx_word' id='word_1_75' title='bbox 597 1114 649 1184; x_wconf 78' lang='grc' dir='ltr'><strong>τῆς</strong></span> <span class='ocrx_word' id='word_1_76' title='bbox 671 1102 737 1186; x_wconf 80' lang='grc' dir='ltr'><strong><em>ύρτι</em></strong></span> <span class='ocrx_word' id='word_1_77' title='bbox 759 1105 968 1186; x_wconf 82' lang='grc' dir='ltr'><strong><em>παρελθούσης</em></strong></span> <span class='ocrx_word' id='word_1_78' title='bbox 985 1104 1104 1186; x_wconf 81' lang='grc' dir='ltr'><strong><em>πρώτης</em></strong></span> 
     </span>
     <span class='ocr_line' id='line_1_11' title="bbox 87 1195 1103 1284; baseline -0.002 -20"><span class='ocrx_word' id='word_1_79' title='bbox 87 1202 286 1283; x_wconf 80' lang='grc' dir='ltr'><strong><em>ἕπενεμύσεως</em></strong></span> <span class='ocrx_word' id='word_1_80' title='bbox 318 1201 370 1264; x_wconf 88' lang='grc' dir='ltr'><strong>τὸν</strong></span> <span class='ocrx_word' id='word_1_81' title='bbox 397 1202 494 1264; x_wconf 82' lang='grc' dir='ltr'><strong><em>πάντα</em></strong></span> <span class='ocrx_word' id='word_1_82' title='bbox 521 1207 603 1264; x_wconf 83' lang='grc' dir='ltr'><strong><em>σῖτον</em></strong></span> <span class='ocrx_word' id='word_1_83' title='bbox 631 1201 797 1284; x_wconf 75' lang='grc' dir='ltr'><strong><em>εἰσήνεγκεν</em></strong></span> <span class='ocrx_word' id='word_1_84' title='bbox 825 1202 867 1275; x_wconf 77' lang='grc' dir='ltr'><strong><em>εἰς</em></strong></span> <span class='ocrx_word' id='word_1_85' title='bbox 895 1200 951 1279; x_wconf 76' lang='grc' dir='ltr'><strong>την</strong></span> <span class='ocrx_word' id='word_1_86' title='bbox 970 1195 1103 1275; x_wconf 85' lang='grc' dir='ltr'><strong><em>Ἀλεξαν-</em></strong></span> 
     </span>
     <span class='ocr_line' id='line_1_12' title="bbox 88 1297 1103 1385; baseline -0.001 -24"><span class='ocrx_word' id='word_1_87' title='bbox 88 1299 183 1381; x_wconf 81' lang='grc' dir='ltr'><strong><em>δρέων</em></strong></span> <span class='ocrx_word' id='word_1_88' title='bbox 206 1298 310 1360; x_wconf 75' lang='grc' dir='ltr'><strong><em>καὶτὸ</em></strong></span> <span class='ocrx_word' id='word_1_89' title='bbox 333 1308 496 1378; x_wconf 81' lang='grc' dir='ltr'><strong><em>τηνικαῦτα</em></strong></span> <span class='ocrx_word' id='word_1_90' title='bbox 518 1305 558 1385; x_wconf 78' lang='grc' dir='ltr'><strong>τῷ</strong></span> <span class='ocrx_word' id='word_1_91' title='bbox 581 1298 636 1378; x_wconf 76' lang='grc' dir='ltr'><strong>την</strong></span> <span class='ocrx_word' id='word_1_92' title='bbox 659 1298 875 1382; x_wconf 77' lang='grc' dir='ltr'><strong><em>αύμουσταλίαυ</em></strong></span> <span class='ocrx_word' id='word_1_93' title='bbox 897 1297 993 1379; x_wconf 79' lang='grc' dir='ltr'><strong><em>ἔχοντι</em></strong></span> <span class='ocrx_word' id='word_1_94' title='bbox 1013 1297 1103 1381; x_wconf 79' lang='grc' dir='ltr'><strong><em>παρέ-</em></strong></span> 
     </span>
     <span class='ocr_line' id='line_1_13' title="bbox 91 1393 1104 1478; baseline -0.001 -19"><span class='ocrx_word' id='word_1_95' title='bbox 91 1399 187 1459; x_wconf 83' lang='grc' dir='ltr'><strong><em>δωκεν</em></strong></span> <span class='ocrx_word' id='word_1_96' title='bbox 210 1395 311 1478; x_wconf 77' lang='grc' dir='ltr'><strong><em>ἀρχήν.</em></strong></span> <span class='ocrx_word' id='word_1_97' title='bbox 348 1395 435 1458; x_wconf 85' lang='grc' dir='ltr'><strong><em>ταύτδ</em></strong></span> <span class='ocrx_word' id='word_1_98' title='bbox 459 1393 491 1458; x_wconf 76' lang='grc' dir='ltr'><strong>δὲ</strong></span> <span class='ocrx_word' id='word_1_99' title='bbox 514 1406 600 1459; x_wconf 84' lang='grc' dir='ltr'><strong><em>τούτο</em></strong></span> <span class='ocrx_word' id='word_1_100' title='bbox 624 1395 728 1478; x_wconf 72' lang='grc' dir='ltr'><strong><em>ἔπραξε</em></strong></span> <span class='ocrx_word' id='word_1_101' title='bbox 750 1395 801 1458; x_wconf 76' lang='grc' dir='ltr'><strong>καὶ</strong></span> <span class='ocrx_word' id='word_1_102' title='bbox 824 1394 840 1456; x_wconf 85' lang='grc' dir='ltr'><strong><em>δ</em></strong></span> <span class='ocrx_word' id='word_1_103' title='bbox 863 1405 921 1458; x_wconf 82' lang='grc' dir='ltr'><strong>νῦν</strong></span> <span class='ocrx_word' id='word_1_104' title='bbox 939 1405 993 1476; x_wconf 81' lang='grc' dir='ltr'><strong>τῆς</strong></span> <span class='ocrx_word' id='word_1_105' title='bbox 1011 1397 1104 1476; x_wconf 75' lang='grc' dir='ltr'><strong><em>αὐτῆς</em></strong></span> 
     </span>
     <span class='ocr_line' id='line_1_14' title="bbox 27 1488 1104 1576; baseline 0 -20"><span class='ocrx_word' id='word_1_106' title='bbox 27 1493 28 1500; x_wconf 37' lang='lat'>¹</span> <span class='ocrx_word' id='word_1_107' title='bbox 88 1493 182 1575; x_wconf 78' lang='grc' dir='ltr'><strong><em>ἀρχῆς</em></strong></span> <span class='ocrx_word' id='word_1_108' title='bbox 206 1492 407 1574; x_wconf 83' lang='grc' dir='ltr'><strong><em>ἀντεχόμενος,</em></strong></span> <span class='ocrx_word' id='word_1_109' title='bbox 429 1492 578 1555; x_wconf 81' lang='grc' dir='ltr'><strong><em>τουτέστιν</em></strong></span> <span class='ocrx_word' id='word_1_110' title='bbox 598 1488 707 1576; x_wconf 81' lang='grc' dir='ltr'><strong><em>Ὠρίων</em></strong></span> <span class='ocrx_word' id='word_1_111' title='bbox 731 1493 747 1554; x_wconf 87' lang='grc' dir='ltr'><strong><em>δ</em></strong></span> <span class='ocrx_word' id='word_1_112' title='bbox 770 1493 971 1574; x_wconf 76' lang='grc' dir='ltr'><strong><em>ἐνδοξότατος,</em></strong></span> <span class='ocrx_word' id='word_1_113' title='bbox 996 1492 1050 1572; x_wconf 82' lang='grc' dir='ltr'><strong>[ὡς</strong></span> <span class='ocrx_word' id='word_1_114' title='bbox 1072 1497 1104 1556; x_wconf 82' lang='grc' dir='ltr'><strong>αἱ</strong></span> 
     </span>
    </p>
   </div>
   <div class='ocr_carea' id='block_1_5' title="bbox 32 1731 1171 2880">
    <p class='ocr_par' dir='ltr' id='par_1_5' title="bbox 32 1731 1171 2880">
     <span class='ocr_line' id='line_1_15' title="bbox 91 1731 1104 1794; baseline -0.002 -1"><span class='ocrx_word' id='word_1_115' title='bbox 91 1737 189 1794; x_wconf 87' lang='lat' dir='ltr'><strong>morte</strong></span> <span class='ocrx_word' id='word_1_116' title='bbox 212 1752 268 1793; x_wconf 91' lang='lat' dir='ltr'><strong>sua</strong></span> <span class='ocrx_word' id='word_1_117' title='bbox 290 1733 475 1793; x_wconf 75' lang='lat' dir='ltr'><strong>exactionem</strong></span> <span class='ocrx_word' id='word_1_118' title='bbox 497 1733 619 1792; x_wconf 79' lang='lat' dir='ltr'><strong>sentiet:</strong></span> <span class='ocrx_word' id='word_1_119' title='bbox 641 1732 763 1791; x_wconf 87' lang='lat' dir='ltr'><strong>heredes</strong></span> <span class='ocrx_word' id='word_1_120' title='bbox 787 1731 866 1790; x_wconf 86' lang='lat' dir='ltr'><strong>enim</strong></span> <span class='ocrx_word' id='word_1_121' title='bbox 888 1731 953 1790; x_wconf 90' lang='lat' dir='ltr'><strong>eius</strong></span> <span class='ocrx_word' id='word_1_122' title='bbox 976 1735 1008 1791; x_wconf 89' lang='lat' dir='ltr'><strong>et</strong></span> <span class='ocrx_word' id='word_1_123' title='bbox 1023 1732 1104 1792; x_wconf 88' lang='lat' dir='ltr'><strong>bona</strong></span> 
     </span>
     <span class='ocr_line' id='line_1_16' title="bbox 86 1829 1103 1908; baseline -0.002 -18"><span class='ocrx_word' id='word_1_124' title='bbox 86 1831 156 1890; x_wconf 90' lang='lat' dir='ltr'><strong>eius</strong></span> <span class='ocrx_word' id='word_1_125' title='bbox 183 1831 264 1890; x_wconf 89' lang='lat' dir='ltr'><strong>hisce</strong></span> <span class='ocrx_word' id='word_1_126' title='bbox 291 1829 522 1890; x_wconf 86' lang='lat' dir='ltr'><strong>difficultatibus</strong></span> <span class='ocrx_word' id='word_1_127' title='bbox 550 1829 746 1908; x_wconf 83' lang='lat' dir='ltr'><strong>tenebuntur,</strong></span> <span class='ocrx_word' id='word_1_128' title='bbox 778 1831 884 1905; x_wconf 89' lang='lat' dir='ltr'><strong>utpote</strong></span> <span class='ocrx_word' id='word_1_129' title='bbox 911 1829 1103 1906; x_wconf 83' lang='lat' dir='ltr'><strong>neglegentia</strong></span> 
     </span>
     <span class='ocr_line' id='line_1_17' title="bbox 86 1927 1102 2004; baseline -0.001 -18"><span class='ocrx_word' id='word_1_130' title='bbox 86 1929 171 1986; x_wconf 88' lang='lat' dir='ltr'><strong>illius</strong></span> <span class='ocrx_word' id='word_1_131' title='bbox 194 1930 373 2004; x_wconf 86' lang='lat' dir='ltr'><strong>perpetuum</strong></span> <span class='ocrx_word' id='word_1_132' title='bbox 397 1928 539 1988; x_wconf 88' lang='lat' dir='ltr'><strong>adversus</strong></span> <span class='ocrx_word' id='word_1_133' title='bbox 562 1947 612 1988; x_wconf 91' lang='lat' dir='ltr'><strong>eos</strong></span> <span class='ocrx_word' id='word_1_134' title='bbox 635 1927 803 2004; x_wconf 86' lang='lat' dir='ltr'><strong>periculum</strong></span> <span class='ocrx_word' id='word_1_135' title='bbox 826 1929 857 1985; x_wconf 87' lang='lat' dir='ltr'><strong>et</strong></span> <span class='ocrx_word' id='word_1_136' title='bbox 879 1945 982 1984; x_wconf 87' lang='lat' dir='ltr'><strong>curam</strong></span> <span class='ocrx_word' id='word_1_137' title='bbox 1005 1929 1037 1986; x_wconf 89' lang='lat' dir='ltr'><strong>et</strong></span> <span class='ocrx_word' id='word_1_138' title='bbox 1055 1946 1102 1985; x_wconf 85' lang='lat' dir='ltr'><strong>ex·</strong></span> 
     </span>
     <span class='ocr_line' id='line_1_18' title="bbox 90 2022 1102 2102; baseline 0 -18"><span class='ocrx_word' id='word_1_139' title='bbox 90 2025 238 2085; x_wconf 73' lang='lat' dir='ltr'><strong>actionem</strong></span> <span class='ocrx_word' id='word_1_140' title='bbox 260 2026 420 2102; x_wconf 78' lang='lat' dir='ltr'><strong>praebente</strong></span> <span class='ocrx_word' id='word_1_141' title='bbox 444 2027 536 2086; x_wconf 89' lang='lat' dir='ltr'><strong>donec</strong></span> <span class='ocrx_word' id='word_1_142' title='bbox 559 2026 655 2086; x_wconf 88' lang='lat' dir='ltr'><strong>totius</strong></span> <span class='ocrx_word' id='word_1_143' title='bbox 672 2025 767 2085; x_wconf 90' lang='lat' dir='ltr'><strong>debiti</strong></span> <span class='ocrx_word' id='word_1_144' title='bbox 785 2024 864 2084; x_wconf 90' lang='lat' dir='ltr'><strong>dioto</strong></span> <span class='ocrx_word' id='word_1_145' title='bbox 883 2022 972 2084; x_wconf 91' lang='lat' dir='ltr'><strong>modo</strong></span> <span class='ocrx_word' id='word_1_146' title='bbox 992 2024 1102 2084; x_wconf 88' lang='lat' dir='ltr'><strong>solutio</strong></span> 
     </span>
     <span class='ocr_line' id='line_1_19' title="bbox 89 2121 1101 2200; baseline 0.001 -20"><span class='ocrx_word' id='word_1_147' title='bbox 89 2123 171 2182; x_wconf 88' lang='lat' dir='ltr'><strong>facta</strong></span> <span class='ocrx_word' id='word_1_148' title='bbox 190 2122 236 2182; x_wconf 88' lang='lat' dir='ltr'><strong>sit.</strong></span> <span class='ocrx_word' id='word_1_149' title='bbox 269 2123 332 2182; x_wconf 87' lang='lat' dir='ltr'><strong>Nec</strong></span> <span class='ocrx_word' id='word_1_150' title='bbox 351 2123 518 2199; x_wconf 89' lang='lat' dir='ltr'><strong>quidquam</strong></span> <span class='ocrx_word' id='word_1_151' title='bbox 537 2123 716 2184; x_wconf 80' lang='lat' dir='ltr'><strong>innovamus</strong></span> <span class='ocrx_word' id='word_1_152' title='bbox 734 2122 913 2200; x_wconf 88' lang='lat' dir='ltr'><strong>requirendo</strong></span> <span class='ocrx_word' id='word_1_153' title='bbox 934 2122 1014 2198; x_wconf 91' lang='lat' dir='ltr'><strong>quod</strong></span> <span class='ocrx_word' id='word_1_154' title='bbox 1031 2121 1101 2181; x_wconf 90' lang='lat' dir='ltr'><strong>hac-</strong></span> 
     </span>
     <span class='ocr_line' id='line_1_20' title="bbox 32 2212 1103 2299; baseline 0.001 -22"><span class='ocrx_word' id='word_1_155' title='bbox 32 2212 34 2299; x_wconf 60' lang='lat' dir='ltr'>J</span> <span class='ocrx_word' id='word_1_156' title='bbox 88 2222 177 2279; x_wconf 87' lang='lat' dir='ltr'><strong>tenus</strong></span> <span class='ocrx_word' id='word_1_157' title='bbox 192 2240 253 2280; x_wconf 89' lang='lat' dir='ltr'><strong>non</strong></span> <span class='ocrx_word' id='word_1_158' title='bbox 267 2219 307 2275; x_wconf 86' lang='lat' dir='ltr'><strong>sit</strong></span> <span class='ocrx_word' id='word_1_159' title='bbox 321 2217 443 2274; x_wconf 75' lang='lat' dir='ltr'><strong>factrm.</strong></span> <span class='ocrx_word' id='word_1_160' title='bbox 470 2219 587 2278; x_wconf 81' lang='lat' dir='ltr'><strong>Scimus</strong></span> <span class='ocrx_word' id='word_1_161' title='bbox 602 2221 681 2278; x_wconf 90' lang='lat' dir='ltr'><strong>enim</strong></span> <span class='ocrx_word' id='word_1_162' title='bbox 695 2221 945 2298; x_wconf 87' lang='lat' dir='ltr'><strong>gloriosissimum</strong></span> <span class='ocrx_word' id='word_1_163' title='bbox 958 2219 1103 2279; x_wconf 88' lang='lat' dir='ltr'><strong>Ioannem</strong></span> 
     </span>
     <span class='ocr_line' id='line_1_21' title="bbox 32 2304 1102 2392; baseline -0.002 -14"><span class='ocrx_word' id='word_1_164' title='bbox 32 2304 33 2378; x_wconf 57' lang='lat' dir='ltr'><strong>i</strong></span> <span class='ocrx_word' id='word_1_165' title='bbox 88 2315 224 2377; x_wconf 78' lang='lat' dir='ltr'><strong>Comitae</strong></span> <span class='ocrx_word' id='word_1_166' title='bbox 247 2311 559 2390; x_wconf 83' lang='lat' dir='ltr'><strong>magnificentissimae</strong></span> <span class='ocrx_word' id='word_1_167' title='bbox 582 2317 742 2374; x_wconf 81' lang='lat' dir='ltr'><strong>memoriae</strong></span> <span class='ocrx_word' id='word_1_168' title='bbox 764 2317 862 2375; x_wconf 89' lang='lat' dir='ltr'><strong>filium</strong></span> <span class='ocrx_word' id='word_1_169' title='bbox 885 2321 955 2376; x_wconf 88' lang='lat' dir='ltr'><strong>ante</strong></span> <span class='ocrx_word' id='word_1_170' title='bbox 974 2317 1102 2392; x_wconf 86' lang='lat' dir='ltr'><strong>comple-</strong></span> 
     </span>
     <span class='ocr_line' id='line_1_22' title="bbox 33 2409 1102 2489; baseline 0 -17"><span class='ocrx_word' id='word_1_171' title='bbox 33 2422 34 2446; x_wconf 41' lang='grc' dir='ltr'><strong><em>λ</em></strong></span> <span class='ocrx_word' id='word_1_172' title='bbox 87 2419 156 2473; x_wconf 87' lang='lat' dir='ltr'><strong>tum</strong></span> <span class='ocrx_word' id='word_1_173' title='bbox 187 2409 314 2470; x_wconf 87' lang='lat' dir='ltr'><strong>eundem</strong></span> <span class='ocrx_word' id='word_1_174' title='bbox 340 2427 472 2470; x_wconf 85' lang='lat' dir='ltr'><strong>mensem</strong></span> <span class='ocrx_word' id='word_1_175' title='bbox 498 2409 670 2470; x_wconf 81' lang='lat' dir='ltr'><strong>indictionis</strong></span> <span class='ocrx_word' id='word_1_176' title='bbox 697 2411 810 2486; x_wconf 89' lang='lat' dir='ltr'><strong>primae</strong></span> <span class='ocrx_word' id='word_1_177' title='bbox 837 2413 899 2472; x_wconf 89' lang='lat' dir='ltr'><strong>iam</strong></span> <span class='ocrx_word' id='word_1_178' title='bbox 921 2413 1102 2489; x_wconf 86' lang='lat' dir='ltr'><strong>praeteritae</strong></span> 
     </span>
     <span class='ocr_line' id='line_1_23' title="bbox 90 2506 1102 2571; baseline -0.002 0"><span class='ocrx_word' id='word_1_179' title='bbox 90 2527 178 2571; x_wconf 89' lang='lat' dir='ltr'><strong>omne</strong></span> <span class='ocrx_word' id='word_1_180' title='bbox 208 2507 394 2567; x_wconf 84' lang='lat' dir='ltr'><strong>frumentum</strong></span> <span class='ocrx_word' id='word_1_181' title='bbox 421 2506 559 2567; x_wconf 89' lang='lat' dir='ltr'><strong>intulisse</strong></span> <span class='ocrx_word' id='word_1_182' title='bbox 586 2508 618 2566; x_wconf 94' lang='lat' dir='ltr'><strong>in</strong></span> <span class='ocrx_word' id='word_1_183' title='bbox 644 2507 751 2566; x_wconf 85' lang='lat' dir='ltr'><strong>urbem</strong></span> <span class='ocrx_word' id='word_1_184' title='bbox 771 2509 1044 2570; x_wconf 82' lang='lat' dir='ltr'><strong>Alexandrinorum</strong></span> <span class='ocrx_word' id='word_1_185' title='bbox 1071 2513 1102 2570; x_wconf 90' lang='lat' dir='ltr'><strong>et</strong></span> 
     </span>
     <span class='ocr_line' id='line_1_24' title="bbox 87 2603 1102 2684; baseline 0.003 -19"><span class='ocrx_word' id='word_1_186' title='bbox 87 2603 249 2665; x_wconf 80' lang='lat' dir='ltr'><strong>tradidisse</strong></span> <span class='ocrx_word' id='word_1_187' title='bbox 273 2604 300 2664; x_wconf 90' lang='lat' dir='ltr'><strong>ei</strong></span> <span class='ocrx_word' id='word_1_188' title='bbox 324 2606 377 2682; x_wconf 89' lang='lat' dir='ltr'><strong>qni</strong></span> <span class='ocrx_word' id='word_1_189' title='bbox 399 2609 466 2664; x_wconf 90' lang='lat' dir='ltr'><strong>tum</strong></span> <span class='ocrx_word' id='word_1_190' title='bbox 479 2605 658 2684; x_wconf 81' lang='lat' dir='ltr'><strong>Augustalis</strong></span> <span class='ocrx_word' id='word_1_191' title='bbox 680 2605 969 2666; x_wconf 82' lang='lat' dir='ltr'><strong>administrationem</strong></span> <span class='ocrx_word' id='word_1_192' title='bbox 988 2609 1102 2668; x_wconf 90' lang='lat' dir='ltr'><strong>obtine·</strong></span> 
     </span>
     <span class='ocr_line' id='line_1_25' title="bbox 35 2701 1171 2780; baseline 0.001 -17"><span class='ocrx_word' id='word_1_193' title='bbox 35 2701 36 2710; x_wconf 71' lang='grc'>’</span> <span class='ocrx_word' id='word_1_194' title='bbox 84 2705 146 2763; x_wconf 83' lang='lat' dir='ltr'><strong>bat.</strong></span> <span class='ocrx_word' id='word_1_195' title='bbox 193 2701 259 2764; x_wconf 91' lang='lat' dir='ltr'><strong>Hoc</strong></span> <span class='ocrx_word' id='word_1_196' title='bbox 282 2722 352 2764; x_wconf 81' lang='lat' dir='ltr'><strong>vero</strong></span> <span class='ocrx_word' id='word_1_197' title='bbox 375 2703 475 2780; x_wconf 87' lang='lat' dir='ltr'><strong>ipsum</strong></span> <span class='ocrx_word' id='word_1_198' title='bbox 497 2704 570 2764; x_wconf 87' lang='lat' dir='ltr'><strong>fecit</strong></span> <span class='ocrx_word' id='word_1_199' title='bbox 592 2705 684 2764; x_wconf 89' lang='lat' dir='ltr'><strong>etiam</strong></span> <span class='ocrx_word' id='word_1_200' title='bbox 708 2703 761 2780; x_wconf 88' lang='lat' dir='ltr'><strong>qui</strong></span> <span class='ocrx_word' id='word_1_201' title='bbox 784 2721 863 2761; x_wconf 89' lang='lat' dir='ltr'><strong>nuno</strong></span> <span class='ocrx_word' id='word_1_202' title='bbox 887 2721 953 2761; x_wconf 89' lang='lat' dir='ltr'><strong>eam</strong></span> <span class='ocrx_word' id='word_1_203' title='bbox 976 2705 1101 2765; x_wconf 85' lang='lat' dir='ltr'><strong>admini-</strong></span> <span class='ocrx_word' id='word_1_204' title='bbox 1169 2768 1171 2772; x_wconf 67' lang='grc'><strong><em>,</em></strong></span> 
     </span>
     <span class='ocr_line' id='line_1_26' title="bbox 86 2797 1101 2880; baseline 0.002 -21"><span class='ocrx_word' id='word_1_205' title='bbox 86 2800 264 2861; x_wconf 86' lang='lat' dir='ltr'><strong>strationem</strong></span> <span class='ocrx_word' id='word_1_206' title='bbox 288 2798 411 2879; x_wconf 78' lang='lat' dir='ltr'><strong>obtinet,</strong></span> <span class='ocrx_word' id='word_1_207' title='bbox 438 2801 578 2861; x_wconf 85' lang='lat' dir='ltr'><strong>videlicet</strong></span> <span class='ocrx_word' id='word_1_208' title='bbox 600 2801 832 2880; x_wconf 83' lang='lat' dir='ltr'><strong>gloriosissimus</strong></span> <span class='ocrx_word' id='word_1_209' title='bbox 857 2797 958 2878; x_wconf 82' lang='lat' dir='ltr'><strong>Orion,</strong></span> <span class='ocrx_word' id='word_1_210' title='bbox 981 2804 1018 2860; x_wconf 89' lang='lat' dir='ltr'><strong>nt</strong></span> <span class='ocrx_word' id='word_1_211' title='bbox 1039 2804 1101 2878; x_wconf 90' lang='lat' dir='ltr'><strong>ple-</strong></span> 
     </span>
    </p>
   </div>
   <div class='ocr_carea' id='block_1_6' title="bbox 37 3018 1113 3516">
    <p class='ocr_par' dir='ltr' id='par_1_6' title="bbox 37 3018 1113 3501">
     <span class='ocr_line' id='line_1_27' title="bbox 156 3018 1101 3092; baseline -0.001 -16"><span class='ocrx_word' id='word_1_212' title='bbox 156 3026 219 3092; x_wconf 78' lang='lat'>200)</span> <span class='ocrx_word' id='word_1_213' title='bbox 238 3021 305 3078; x_wconf 84' lang='lat' dir='ltr'><strong>God.</strong></span> <span class='ocrx_word' id='word_1_214' title='bbox 325 3027 383 3075; x_wconf 79' lang='grc' dir='ltr'><strong>τῶν</strong></span> <span class='ocrx_word' id='word_1_215' title='bbox 397 3052 431 3062; x_wconf 88' lang='lat'><strong>-—</strong></span> <span class='ocrx_word' id='word_1_216' title='bbox 445 3041 510 3091; x_wconf 76' lang='grc' dir='ltr'><strong><em>γενο</em></strong></span> <span class='ocrx_word' id='word_1_217' title='bbox 532 3019 611 3076; x_wconf 83' lang='grc' dir='ltr'><strong><em>ε’νων.</em></strong></span> <span class='ocrx_word' id='word_1_218' title='bbox 692 3018 1008 3089; x_wconf 61' lang='lat' dir='ltr'><strong>concedebamus.</strong></span> <span class='ocrx_word' id='word_1_219' title='bbox 1036 3020 1101 3075; x_wconf 86' lang='lat' dir='ltr'><strong>Non</strong></span> 
     </span>
     <span class='ocr_line' id='line_1_28' title="bbox 83 3089 1100 3162; baseline -0.002 -17"><span class='ocrx_word' id='word_1_220' title='bbox 83 3095 178 3147; x_wconf 88' lang='lat' dir='ltr'><strong>autem</strong></span> <span class='ocrx_word' id='word_1_221' title='bbox 197 3093 319 3162; x_wconf 87' lang='lat' dir='ltr'><strong>comitis,</strong></span> <span class='ocrx_word' id='word_1_222' title='bbox 345 3093 395 3146; x_wconf 88' lang='lat' dir='ltr'><strong>sed</strong></span> <span class='ocrx_word' id='word_1_223' title='bbox 413 3091 505 3149; x_wconf 15' lang='lat' dir='ltr'><strong>ducis!</strong></span> <span class='ocrx_word' id='word_1_224' title='bbox 524 3092 530 3103; x_wconf 93' lang='lat'>&#39;</span> <span class='ocrx_word' id='word_1_225' title='bbox 563 3092 611 3146; x_wconf 92' lang='lat' dir='ltr'><strong>itis</strong></span> <span class='ocrx_word' id='word_1_226' title='bbox 624 3090 761 3148; x_wconf 85' lang='lat' dir='ltr'><strong>Thebaici</strong></span> <span class='ocrx_word' id='word_1_227' title='bbox 779 3089 1025 3146; x_wconf 87' lang='lat' dir='ltr'><strong>administratione</strong></span> <span class='ocrx_word' id='word_1_228' title='bbox 1038 3093 1100 3144; x_wconf 91' lang='lat' dir='ltr'><strong>tum</strong></span> 
     </span>
     <span class='ocr_line' id='line_1_29' title="bbox 37 3160 1113 3234; baseline -0.005 -16"><span class='ocrx_word' id='word_1_229' title='bbox 37 3184 41 3223; x_wconf 74' lang='grc' dir='ltr'><strong><em>ι</em></strong></span> <span class='ocrx_word' id='word_1_230' title='bbox 82 3163 255 3231; x_wconf 81' lang='lat' dir='ltr'><strong>fungebatur</strong></span> <span class='ocrx_word' id='word_1_231' title='bbox 273 3165 401 3233; x_wconf 84' lang='lat' dir='ltr'><strong>Ioannes,</strong></span> <span class='ocrx_word' id='word_1_232' title='bbox 421 3165 453 3218; x_wconf 92' lang='lat' dir='ltr'><strong>nt</strong></span> <span class='ocrx_word' id='word_1_233' title='bbox 466 3162 562 3234; x_wconf 80' lang='grc' dir='ltr'><strong><em>Κύμης</em></strong></span> <span class='ocrx_word' id='word_1_234' title='bbox 581 3180 645 3217; x_wconf 87' lang='lat' dir='ltr'><strong>oum</strong></span> <span class='ocrx_word' id='word_1_235' title='bbox 659 3165 762 3219; x_wconf 84' lang='lat' dir='ltr'><strong>Ioanne</strong></span> <span class='ocrx_word' id='word_1_236' title='bbox 776 3179 836 3218; x_wconf 89' lang='lat' dir='ltr'><strong>non</strong></span> <span class='ocrx_word' id='word_1_237' title='bbox 851 3160 944 3232; x_wconf 89' lang='lat' dir='ltr'><strong>possit</strong></span> <span class='ocrx_word' id='word_1_238' title='bbox 957 3160 1099 3230; x_wconf 81' lang='lat' dir='ltr'><strong>coniungi.</strong></span> <span class='ocrx_word' id='word_1_239' title='bbox 1112 3221 1113 3224; x_wconf 8' lang='grc' dir='ltr'><strong>Ἴ</strong></span> 
     </span>
     <span class='ocr_line' id='line_1_30' title="bbox 82 3229 1098 3314; baseline -0.003 -26"><span class='ocrx_word' id='word_1_240' title='bbox 82 3232 234 3288; x_wconf 83' lang='lat' dir='ltr'><strong>Enimvero</strong></span> <span class='ocrx_word' id='word_1_241' title='bbox 256 3234 345 3304; x_wconf 83' lang='lat' dir='ltr'><strong>patris</strong></span> <span class='ocrx_word' id='word_1_242' title='bbox 370 3250 473 3289; x_wconf 86' lang='lat' dir='ltr'><strong>nomen</strong></span> <span class='ocrx_word' id='word_1_243' title='bbox 495 3233 526 3288; x_wconf 91' lang='lat' dir='ltr'><strong>in</strong></span> <span class='ocrx_word' id='word_1_244' title='bbox 548 3233 599 3288; x_wconf 85' lang='lat' dir='ltr'><strong>illa</strong></span> <span class='ocrx_word' id='word_1_245' title='bbox 622 3250 690 3288; x_wconf 82' lang='lat' dir='ltr'><strong>voce</strong></span> <span class='ocrx_word' id='word_1_246' title='bbox 707 3233 792 3288; x_wconf 85' lang='lat' dir='ltr'><strong>latet:</strong></span> <span class='ocrx_word' id='word_1_247' title='bbox 818 3233 931 3288; x_wconf 87' lang='lat' dir='ltr'><strong>etcum</strong></span> <span class='ocrx_word' id='word_1_248' title='bbox 948 3229 1028 3302; x_wconf 84' lang='grc' dir='ltr'><strong><em>Κύμη</em></strong></span> <span class='ocrx_word' id='word_1_249' title='bbox 1046 3246 1098 3314; x_wconf 87' lang='lat' dir='ltr'><strong>pro</strong></span> 
     </span>
     <span class='ocr_line' id='line_1_31' title="bbox 84 3302 1098 3375; baseline -0.003 -17"><span class='ocrx_word' id='word_1_250' title='bbox 84 3303 198 3360; x_wconf 88' lang='lat' dir='ltr'><strong>nomine</strong></span> <span class='ocrx_word' id='word_1_251' title='bbox 221 3302 268 3358; x_wconf 84' lang='lat' dir='ltr'><strong>vix</strong></span> <span class='ocrx_word' id='word_1_252' title='bbox 291 3307 382 3375; x_wconf 83' lang='lat' dir='ltr'><strong>possit</strong></span> <span class='ocrx_word' id='word_1_253' title='bbox 405 3303 490 3370; x_wconf 82' lang='lat' dir='ltr'><strong>sumi,</strong></span> <span class='ocrx_word' id='word_1_254' title='bbox 514 3304 661 3360; x_wconf 84' lang='lat' dir='ltr'><strong>emendavi</strong></span> <span class='ocrx_word' id='word_1_255' title='bbox 683 3303 830 3375; x_wconf 80' lang='grc' dir='ltr'><strong><em>Κομήτου,</em></strong></span> <span class='ocrx_word' id='word_1_256' title='bbox 854 3304 889 3358; x_wconf 86' lang='lat' dir='ltr'><strong>de</strong></span> <span class='ocrx_word' id='word_1_257' title='bbox 910 3319 966 3372; x_wconf 91' lang='lat' dir='ltr'><strong>quo</strong></span> <span class='ocrx_word' id='word_1_258' title='bbox 985 3316 1098 3356; x_wconf 83' lang='lat' dir='ltr'><strong>nomine</strong></span> 
     </span>
     <span class='ocr_line' id='line_1_32' title="bbox 84 3373 1098 3501; baseline -0.003 -70"><span class='ocrx_word' id='word_1_259' title='bbox 84 3377 150 3501; x_wconf 45' lang='grc' dir='ltr'><strong><em>εἶδε</em></strong></span> <span class='ocrx_word' id='word_1_260' title='bbox 162 3391 239 3467; x_wconf 71' lang='lat' dir='ltr'><strong>puae</strong></span> <span class='ocrx_word' id='word_1_261' title='bbox 253 3373 397 3446; x_wconf 81' lang='lat' dir='ltr'><strong>disputavi</strong></span> <span class='ocrx_word' id='word_1_262' title='bbox 410 3375 441 3430; x_wconf 92' lang='lat' dir='ltr'><strong>in</strong></span> <span class='ocrx_word' id='word_1_263' title='bbox 454 3375 527 3430; x_wconf 85' lang='lat' dir='ltr'><strong>libro</strong></span> <span class='ocrx_word' id='word_1_264' title='bbox 538 3373 641 3432; x_wconf 76' lang='grc' dir='ltr'><strong><em>Ἂνεκδ.</em></strong></span> <span class='ocrx_word' id='word_1_265' title='bbox 655 3393 683 3446; x_wconf 87' lang='lat' dir='ltr'><strong>p.</strong></span> <span class='ocrx_word' id='word_1_266' title='bbox 697 3381 750 3430; x_wconf 74' lang='lat'><strong>253</strong></span> <span class='ocrx_word' id='word_1_267' title='bbox 764 3377 823 3430; x_wconf 90' lang='lat' dir='ltr'><strong>not.</strong></span> <span class='ocrx_word' id='word_1_268' title='bbox 839 3381 882 3430; x_wconf 76' lang='lat'><strong>32.</strong></span> <span class='ocrx_word' id='word_1_269' title='bbox 937 3377 1001 3446; x_wconf 70' lang='lat'><strong>202)</strong></span> <span class='ocrx_word' id='word_1_270' title='bbox 1014 3373 1098 3428; x_wconf 81' lang='lat' dir='ltr'><strong>Forte</strong></span> 
     </span>
    </p>

    <p class='ocr_par' dir='ltr' id='par_1_7' title="bbox 82 3464 245 3516">
     <span class='ocr_line' id='line_1_33' title="bbox 82 3464 245 3516; baseline -0.006 -16"><span class='ocrx_word' id='word_1_271' title='bbox 82 3467 101 3500; x_wconf 89' lang='grc' dir='ltr'><strong><em>α</em></strong></span> <span class='ocrx_word' id='word_1_272' title='bbox 119 3464 245 3516; x_wconf 80' lang='grc' dir='ltr'><strong><em>γονστου.</em></strong></span> 
     </span>
    </p>
   </div>
   <div class='ocr_carea' id='block_1_7' title="bbox 135 3542 882 3596">
    <p class='ocr_par' dir='ltr' id='par_1_8' title="bbox 135 3542 882 3596">
     <span class='ocr_line' id='line_1_34' title="bbox 135 3542 882 3596; baseline 0.007 -12"><span class='ocrx_word' id='word_1_273' title='bbox 135 3545 303 3587; x_wconf 79' lang='lat' dir='ltr'><strong>Zachariae</strong></span> <span class='ocrx_word' id='word_1_274' title='bbox 318 3556 331 3586; x_wconf 84' lang='lat' dir='ltr'><strong>a</strong></span> <span class='ocrx_word' id='word_1_275' title='bbox 345 3545 537 3596; x_wconf 77' lang='lat' dir='ltr'><strong>Lingenthal.</strong></span> <span class='ocrx_word' id='word_1_276' title='bbox 867 3542 882 3589; x_wconf 83' lang='lat'>5</span> 
     </span>
    </p>
   </div>
   <div class='ocr_carea' id='block_1_8' title="bbox 0 0 1332 3922">
    <p class='ocr_par' dir='ltr' id='par_1_9' title="bbox 0 0 1332 3922">
     <span class='ocr_line' id='line_1_35' title="bbox 0 0 1332 3922; baseline 0 3"><span class='ocrx_word' id='word_1_277' title='bbox 0 0 1332 3922; x_wconf 95' lang='lat' dir='ltr'><strong> </strong></span> 
     </span>
    </p>
   </div>
  </div>
 </body>
</html>
