2654 3922
522 1106 675 1178 Notanda
694 1106 738 1178 ad
756 1107 791 1178 P.
810 1107 836 1176 Ι.

242 1305 271 1361 p.
285 1283 332 1343 HI
355 1284 407 1346 lin.
423 1286 452 1345 8.
481 1283 565 1343 Inter
583 1282 727 1343 Novellas
752 1300 830 1358 quae
852 1282 891 1342 cd
912 1301 969 1344 nos
991 1285 1195 1358 pervenerunt

178 1375 283 1432 extant
304 1372 467 1433 nonnullae
490 1372 553 1434 sive
576 1389 685 1449 graeco
704 1371 768 1431 siue
786 1371 881 1432 latino
900 1389 1036 1431 sermone
1055 1371 1195 1448 scriptae,

178 1480 254 1540 quae
277 1464 380 1521 utrum
402 1461 447 1520 ita
469 1463 505 1520 ut
525 1478 604 1520 nunc
626 1461 771 1536 leguntur
791 1478 810 1518 a
827 1459 996 1520 Iustiniano
1015 1459 1114 1520 adiice
1133 1460 1196 1520 sInt

178 1569 217 1611 an
240 1550 400 1626 interpreti
422 1542 495 1609 κατὰ
513 1542 593 1610 πόδα
612 1548 778 1608 debeantur
796 1566 855 1608 non
875 1547 949 1608 satis
968 1548 998 1608 in
1018 1547 1119 1624 aprico
1139 1550 1195 1608 est.

178 1640 237 1698 Res
261 1637 439 1698 coniecturis
466 1637 575 1698 nititur
602 1639 681 1714 tota,
710 1640 744 1697 ut
772 1637 902 1697 sufficiat
930 1637 1074 1697 hocloco
1096 1635 1136 1694 ad
1159 1655 1196 1696 ea

177 1727 292 1788 referre
307 1745 384 1803 quae
398 1727 438 1787 ad
451 1745 475 1788 a.
491 1725 579 1787 CXV.
591 1725 706 1786 CXXX.
722 1725 854 1788 CXXXI.
868 1724 1028 1785 CXXXIV.
1044 1724 1197 1784 CXXXVI

178 1816 291 1878 notavi.
328 1814 410 1875 Illud
425 1816 499 1876 satis
514 1818 612 1892 patet,
632 1815 775 1875 Novellas
790 1817 974 1890 suggerente
987 1814 1099 1874 Ioanne
1113 1813 1147 1872 P.
1161 1813 1195 1873 P.

180 1903 268 1963 datm
291 1921 398 1980 graece
421 1904 549 1980 scriptas
572 1903 681 1988 fuisse,
709 1902 819 1980 quippe
842 1901 970 1963 Ioannes
995 1894 1088 1984 (testo
1110 1901 1197 1978 Lydo

177 1991 237 2067 HI,
260 1984 317 2072 68)
336 1991 425 2051 letIni
444 1993 589 2052 sermonis
614 1992 677 2052 sive
700 1991 824 2068 marus
848 1991 911 2051 sive
934 1993 1102 2052 contemtor
1124 1989 1197 2049 suit:

178 2079 353 2140 Theodotus
385 2083 489 2140 autem
517 2081 581 2141 eius
613 2097 766 2141 successor
795 2099 900 2140 rursus
932 2081 1025 2140 latine
1053 2079 1198 2142 Novellas

178 2169 227 2228 edi
255 2170 380 2229 ouravIt.
424 2169 561 2245 Denique
589 2169 754 2230 notandum
778 2169 921 2230 Novellas
945 2168 984 2228 ad
1006 2168 1198 2228 Praefectum

177 2256 333 2318 Praetorio
352 2255 467 2334 Illyrici
491 2257 618 2321 directas
641 2258 729 2317 modo
752 2257 847 2317 latine
869 2257 956 2317 modo
979 2275 1088 2334 graece
1110 2256 1198 2316 datas

177 2345 286 2406 videri:
312 2347 348 2405 of.
372 2363 396 2406 o.
419 2345 511 2405 XXX.
535 2345 684 2408 LXXXII.
708 2344 801 2406 CVII.
826 2343 962 2405 CXXIII.
985 2343 1130 2407 CXXXV.

245 2433 297 2494 lin.
310 2437 359 2495 16.
374 2433 516 2494 Haenel
528 2435 692 2510 ·Ilpitomen
702 2434 813 2494 Iuliani
821 2435 903 2514 intra
913 2452 1008 2494 annos
1019 2435 1197 2495 551-554

181 2523 323 2599 scriptam
343 2541 409 2582 esse
423 2522 529 2585 voluit.
552 2519 648 2597 Atqui
666 2540 743 2598 quae
762 2523 842 2597 apud
856 2523 1008 2582 Iulianum
1027 2525 1074 2583 est
1093 2539 1116 2581 e.
1135 2525 1196 2582 117

181 2642 218 2652 -
245 2611 332 2672 nobis
357 2608 462 2670 CLXV
488 2640 527 2652 -
552 2627 630 2670 anno
655 2611 718 2671 555
743 2611 816 2671 data
839 2629 905 2672 esse
927 2610 1056 2673 uidetur.

244 2719 273 2776 p.
287 2699 332 2758 IV
351 2698 403 2758 liu.
420 2700 471 2758 13.
495 2697 643 2758 Schdllius
662 2699 693 2758 in
711 2702 852 2760 notarum
871 2698 1068 2775 explicatione
1092 2701 1201 2758 auctor

179 2791 240 2863 est,
263 2785 497 2848 Ambrosianum
519 2805 591 2864 „per
611 2787 746 2848 ordinem
769 2787 928 2848 titulorum
946 2786 1103 2848 minimum
1127 2805 1202 2864 qua·

179 2875 344 2936 tuordecim
365 2869 449 2954 (nam
463 2878 598 2936 extrema
619 2867 738 2937 Codicis
756 2875 829 2938 folia
847 2868 1017 2958 perierunt)
1037 2875 1202 2952 dispositae

178 2964 291 3025 habere
318 2963 461 3025 Novellas
488 2965 559 3026 has:
591 2967 655 3026 134
679 2983 702 3027 c.
729 2967 837 3045 1—4‚
864 2967 925 3026 131
955 2984 980 3026 o.
1004 2967 1023 3026 5
1048 2983 1092 3041 sq.
1117 2966 1146 3024 6.
1171 2966 1203 3024 3.

181 3054 231 3114 16.
256 3054 308 3113 86.
329 3055 358 3114 5.
380 3053 453 3114 133.
474 3056 524 3115 79.
545 3057 573 3114 7.
599 3055 649 3114 19.
674 3057 703 3115 2.
725 3055 774 3114 12.
796 3056 870 3116 115.
891 3058 919 3114 1.
940 3056 992 3114 32.
1011 3051 1073 3114 83⁶⁸
1098 3044 1203 3134 (nobis

179 3160 202 3202 c.
223 3139 355 3200 CLXVI.
375 3138 449 3202 CLI.
468 3141 536 3204 XII.
554 3141 636 3204 XIV.
654 3141 794 3203 XXXVI.
813 3141 889 3202 CHl.
908 3141 990 3203 XHI.
1011 3139 1042 3201 C.
1061 3139 1202 3202 XCVIH.

178 3229 243 3290 XV.
257 3229 367 3290 XLIII.
381 3229 417 3289 X.
432 3230 528 3291 XXII.
543 3229 705 3292 CXXXVI.
719 3231 771 3292 IX.
789 3230 896 3292 XXIX.
913 3223 1006 3311 CIV).
1044 3230 1205 3307 „Aliarum

179 3318 393 3378 nonnullarum
425 3336 559 3380 summae
592 3320 767 3380 inseruntur
805 3337 841 3379 cx
873 3317 1035 3379 Athanasii
1071 3318 1205 3394 epitome

181 3406 305 3482 petItae.
338 3406 498 3468 Caeterum
522 3408 614 3468 etiam
637 3409 670 3467 in
691 3406 820 3482 integris
838 3407 965 3467 novellis
984 3405 1206 3466 transscriben-
