2654 3922
614 221 833 287 ..54-

214 383 287 446 ὥστε
318 382 368 444 καλ
399 383 451 456 τὰς
485 385 619 457 δαπάνας
650 383 749 446 αὐτῶν
775 383 825 445 καλ
852 383 904 458 τάς
934 385 1060 465 σιτήσεις
1087 384 1233 449 ἐντεῦθεν

214 481 352 563 γίνεσθαι
382 481 478 566 ολκείςο
505 481 638 567 κινδόνηι
665 489 719 561 τής
745 481 921 563 εἰσπράξεως
943 482 1041 544 αὐτῶν
1063 481 1234 564 γινομένης.

273 575 374 651 Ὅπως
398 575 430 638 δὲ
452 575 490 638 διν
514 575 588 657 μηδὲ
611 577 745 640 ἐνταῦθα
770 577 893 659 δοίημέν
911 602 970 640 τινι
987 580 1132 660 τεχνάζειν
1156 580 1233 660 μηδὲ

214 675 336 736 πλείονα
364 674 501 754 δαπάνην
528 677 692 757 βούλεσθαι
719 681 815 738 ποιεῖν
842 673 863 756 ή
890 675 1028 738 ἐλάττονα
1055 675 1150 758 λέγειν
1177 678 1233 757 τήν

214 770 398 851 εἰσκομιδὴν,
420 771 470 833 καλ
493 782 579 835 τοῦτο
602 773 803 853 διοικούμενοι
825 774 1035 856 προσηκόντως
1055 783 1091 859 τῇ
1110 773 1232 838 ὑποκει-

215 867 290 955 μένη
318 867 479 956 ἀπογραφῇ
506 871 580 956 τῷδε
606 875 646 955 τῷ
674 871 748 957 θείῳ
777 870 859 958 νόμρν
887 868 981 950 σαφὲς
1003 872 1232 953 κατεστήσαμεν,

188 1022 193 1032 ,
216 966 399 1045 δηλώσαντες
426 968 518 1041 πόσος
541 959 595 1047 μέν
617 967 697 1030 ἐστιν
720 965 737 1028 δ
759 967 860 1030 κανὼν
884 965 1022 1032 ὁπωσοῦν
1030 963 1084 1052 ¹⁵⁸)
1106 968 1230 1048 ἀνήκων

214 1064 257 1137 εἰς
279 1063 311 1125 τὸ
335 1065 524 1146 δικαστήριον
546 1073 599 1145 τῆς
623 1074 677 1145 σῆς
700 1065 846 1147 ὑπεροχῆς
869 1065 919 1128 καλ
936 1064 969 1127 ἐκ
987 1074 1046 1128 τῶν
1064 1065 1231 1148 εἰρημένων

213 1161 360 1243 ἐπαρχιῶν
396 1185 425 1224 τε
461 1162 512 1224 καλ
542 1162 640 1224 τόπων
672 1163 922 1243 εἰσκομιζόμενος,
958 1162 991 1225 ἐκ
1022 1172 1076 1243 τῆς
1107 1165 1231 1245 Λιβύης

214 1258 307 1340 αὐτῆς
333 1259 384 1321 καλ
406 1270 458 1322 τοῦ
482 1260 650 1342 Μαρεώτου
672 1259 723 1322 καλ
745 1270 797 1323 τοῦ
822 1263 1008 1323 Μενελαΐτον
1031 1269 1084 1340 τῆς
1106 1261 1231 1340 πόλεως,

213 1356 292 1418 πόσα
323 1355 356 1418 δὲ
388 1356 423 1418 τά
455 1356 666 1437 δαπανήματα,
698 1357 772 1439 άπερ
803 1357 955 1439 προσῆκόν
982 1355 1061 1420 ἐστιν
1087 1356 1229 1420 ἐντεῦθεν

214 1452 351 1533 γίνεσθαι
377 1455 448 1534 περί
471 1476 501 1515 τε
528 1453 597 1526 τοὺς
623 1455 737 1517 τούτων
759 1447 965 1537 άρχονταςΙΜ)
987 1454 1038 1516 καλ
1060 1454 1113 1528 τάς
1137 1456 1232 1530 τάξεις

212 1547 263 1609 καλ
290 1549 325 1610 τὰ
353 1548 505 1630 σολέμνια,
531 1553 602 1632 περί
625 1574 655 1613 τε
682 1551 737 1631 τήν
765 1551 881 1633 τροφήν
909 1560 965 1613 τῶν
987 1551 1230 1633 καθωσιωμένον

214 1657 405 1729 στρατιωτῶν.
450 1659 503 1710 τοῦ
525 1647 719 1731 περιβλέπτον
740 1649 956 1732 αόχονσταλίον
976 1653 1125 1722 παντελῶς
1144 1649 1230 1712 οὐδε-

212 1881 308 1921 nonae
332 1862 399 1921 inde
423 1866 542 1938 praesto
562 1863 623 1921 sint
640 1863 761 1938 proprio
780 1861 915 1939 periculo
933 1862 1087 1922 exactione
1105 1863 1229 1923 illorum
1308 1912 1309 1937 χ

212 1958 356 2017 facienda.

281 2052 314 2129 [ἓ
334 2057 362 2113 2.
391 2055 578 2114 Publieorum
600 2052 732 2129 σκοπῶ]
778 2055 821 2115 Ut
850 2060 951 2116 autem
974 2076 1011 2116 ne
1033 2057 1082 2116 hic
1106 2057 1229 2134 quidem

212 2150 357 2226 cuiquam
375 2151 541 2210 machinen'
557 2151 768 2227 permittamus
787 2153 955 2229 impensam
972 2153 1116 2213 maiorem
1130 2154 1227 2213 facere

162 2304 164 2309 ,
213 2249 269 2306 aut
300 2247 469 2308 illationem
499 2248 645 2309 minorem
677 2250 774 2309 dicere
802 2250 928 2321 volenti,
960 2249 1053 2309 etiam
1079 2251 1136 2310 hoc
1159 2271 1229 2310 con·
1307 2299 1308 2304 1

212 2345 367 2405 venienter
397 2346 588 2422 disponentes
620 2347 819 2423 descriptione
848 2347 983 2407 subiecta
1009 2346 1079 2406 huic
1107 2347 1227 2406 divinae

212 2444 274 2522 legi
295 2444 489 2503 manifestum
507 2443 641 2522 fecimus
665 2444 902 2503 demonstrantes
921 2447 1054 2520 quantus
1073 2443 1113 2502 sit
1132 2463 1229 2504 canon

213 2541 481 2617 quomodocunque
509 2541 656 2599 tribunali
683 2543 754 2600 tuae
782 2541 975 2600 excellentiae
1003 2543 1174 2616 competens
1197 2545 1229 2600 et
1306 2583 1307 2610 η

212 2658 248 2696 ex
270 2638 358 2696 dictis
382 2636 528 2714 eparchiis
552 2640 582 2696 et
604 2637 678 2696 loeis
701 2638 906 2717 conferendus,
930 2657 965 2697 ex
987 2637 1083 2714 Libya
1106 2637 1173 2713 ipsa
1196 2641 1227 2697 et
1306 2613 1307 2636 λ

212 2733 348 2793 Mareota
371 2736 403 2793 et
425 2733 588 2792 Menelaita
610 2733 697 2811 urbe,
726 2737 857 2810 quantae
880 2754 951 2794 vero
974 2735 1126 2811 impensae
1151 2753 1227 2810 quas

212 2830 282 2888 inde
310 2830 449 2889 convenit
476 2829 541 2890 fieri
567 2833 634 2889 tum
657 2831 736 2891 circa
758 2831 871 2891 iudices
895 2849 999 2890 earum
1021 2834 1053 2891 et
1075 2829 1174 2891 officia
1196 2835 1228 2890 et

212 2926 347 2986 solennia
374 2929 441 2987 tum
468 2927 547 2988 circa
574 2927 689 2988 victum
717 2929 894 2988 devotorum
917 2928 1056 2987 militum.
1103 2928 1228 3004 Specta·
1305 2927 1306 2932 ’

210 3023 281 3082 bilis
323 3027 425 3085 autem
456 3025 635 3104 Augustalis
676 3025 793 3084 nullam
829 3025 949 3085 omnino
986 3025 1228 3086 communionem

285 3223 345 3288 153)
365 3221 432 3278 eod.
451 3218 554 3283 δπόσος
572 3219 595 3275 ό.
633 3220 689 3275 Sed
712 3220 863 3289 legendum
882 3219 1019 3275 ὁπωσοῦν.
1056 3219 1133 3274 Infra
1150 3219 1226 3275 enim
1304 3267 1305 3272 ,

210 3295 226 3356 ἓ
250 3298 266 3346 3
294 3290 343 3345 τὸν
371 3291 480 3346 κανόνα
575 3289 645 3346 καθ’
671 3288 838 3360 οἱανδήποτε
866 3290 971 3362 τρόπον
999 3286 1029 3357 ἐξ
1057 3288 1225 3359 ολονδήποτε
1304 3313 1305 3330 ι

210 3358 302 3415 τλτλον
326 3365 381 3416 κτλ.
474 3364 537 3430 164)
557 3360 623 3416 Οοδ.
652 3364 721 3431 περί
744 3381 774 3417 τε
801 3362 901 3417 τούτου
925 3361 1068 3432 ἄρχοντος.
1106 3360 1224 3416 Serim-

210 3434 399 3571 χρχόρχωτχρρί
413 3452 442 3488 τε
462 3432 608 3504 άρχοντας.
635 3433 713 3486 infra
732 3438 746 3499 5
762 3439 778 3488 8
798 3436 843 3488 est
861 3431 968 3496 εἰςτὰς
986 3431 1152 3502 ἀποτροπὰς
1169 3441 1224 3488 τῶν
