2654 3922
566 173 785 236 „60-

171 356 259 395 τατον
295 343 346 413 τῆς
374 335 500 414 Λιβύων
534 333 684 396 πολιτικὸν
716 331 843 415 ἄρχοντα
873 332 969 415 ἄνδρα
1000 333 1196 416 ἐπιλέγεσθαι

172 431 270 516 οἰκείῳ
293 432 425 516 κινδύνῳ
448 432 614 493 σπουδαῖον
636 430 687 492 καὶ
710 441 815 493 τοῦτον
838 429 995 511 ἐκπέμπειν
1017 431 1070 493 τὸν
1093 431 1194 494 αὑτοῦ

172 528 264 589 τόπον
287 527 449 607 δφέξοντα,
478 525 512 602 ὃς
534 535 682 590 καθιεῖται
705 525 758 608 μὲν
781 527 814 589 έν
836 534 875 612 τῷ
900 529 1050 614 Μαρεώτη
1073 529 1195 613 καὶτῷ

174 627 341 710 Μενελαίτη
368 635 403 710 τῇ
431 625 527 705 πόλει,
554 635 613 686 τῶν
636 649 665 686 τε
689 626 781 686 δικῶν
803 634 989 707 χρηματικὸον
1011 623 1061 686 καί
1084 623 1193 706 ἔγκλη-

173 732 303 801 ματικῶν
326 722 376 783 καὶ
398 731 457 784 τῶν
479 721 576 784 δίλλωυ
598 721 737 784 ολποίντων
760 732 818 785 τῶν
841 722 874 784 έν
896 733 931 806 τῇ
954 723 1111 803 περιοικίδι
1134 733 1193 784 τοῦ

173 820 341 901 Μαρεώτου
371 820 422 882 καί
453 831 506 882 τοῦ
534 822 722 882 Μενελαΐτου
755 829 806 899 τῆς
839 819 950 893 πόλεως
980 818 1195 901 πραττομένων

171 915 343 998 ἀκροάσεται
371 916 422 978 καλ
453 916 487 978 τδι
519 917 707 998 προσήκοντα
738 917 855 999 πράξει,
886 916 937 978 καί
967 917 999 977 εἴ
1021 939 1098 990 τινες
1127 926 1193 978 τῶν

171 1008 383 1097 Ἀλεξανδρέων
410 1014 579 1087 στασιώδεις
609 1016 749 1096 φύγοιεν,
780 1015 903 1087 τούτους
929 1013 980 1075 καί
1006 1013 1193 1091 συλλήψεται

176 1111 226 1173 καί
249 1104 398 1193 στελεῖέῧέ)
417 1111 492 1192 πρὸς
510 1110 562 1172 τὸν
580 1112 772 1194 περίβλεπτον
791 1110 1015 1192 αύγουστύλιον,
1039 1111 1193 1190 δημοσίαν

172 1207 326 1288 ἐπιστολὴν
349 1208 424 1290 πρὸς
446 1208 561 1271 ἐκεῖνον
578 1211 767 1289 ποιούμενος,
790 1209 862 1269 ὥστε
881 1206 974 1288 μηδὲν
993 1207 1192 1287 ἀνεκδίκητον

172 1315 231 1366 τῶν
254 1307 347 1378 ούτως
371 1304 578 1387 πραττομένων
601 1305 874 1388 περιλιμποίνεσθαι.
910 1305 937 1366 εί
954 1304 1053 1385 μέντοι
1071 1305 1188 1386 φυγόν-

172 1425 231 1462 των
266 1412 355 1463 τινῶν
387 1404 558 1463 στασιωδῶν
589 1404 631 1476 είς
663 1403 714 1465 τὸν
746 1403 916 1484 Μαρεύτην
949 1400 964 1463 δ
996 1403 1192 1484 περίβλεπτος

172 1497 384 1580 αύμουστύλιος
411 1501 577 1581 βουληθείη
607 1501 731 1573 τούτους
759 1506 891 1580 συσχεῖν,
921 1498 1024 1560 ύδειαν
1050 1499 1106 1574 ἕξει
1133 1498 1190 1560 ἕνα

172 1605 231 1656 τῶν
254 1591 305 1657 ὑπ’
332 1595 423 1658 αὐτού
441 1599 702 1679 κομμενταρησίων
719 1596 877 1676 ἐκπέμπειν
895 1597 956 1676 upa
974 1598 1102 1680 δημοσίᾳ
1121 1595 1185 1657 ἐκι-

173 1699 260 1778 στολη
282 1694 357 1775 πρὸς
379 1693 431 1756 τὸν
454 1699 624 1776 πληρούντα
647 1693 698 1755 τὸν
721 1693 812 1756 τόπον
835 1703 888 1755 τού
911 1695 1114 1774 λαμπροτάτου
1132 1703 1190 1773 τῆς

173 1792 300 1871 Λιβύων
326 1791 466 1873 ἐπαρχίας
493 1789 649 1874 ἄρχοντος,
676 1791 747 1852 ὥστε
774 1792 901 1875 προνοίᾳ
931 1791 1023 1853 αύτού
1050 1790 1101 1851 καί
1123 1814 1188 1851 κιν-

174 1889 256 1973 δύνῳ
280 1883 542 1971 σ[υν]έχεσθαι’82)
565 1888 615 1950 καλ
636 1888 858 1970 παραδίδοσθαι
880 1889 950 1961 τοὺς
969 1887 1192 1967 ἄτακτήσαντας

173 2058 330 2136 sancimus,
353 2061 390 2116 ut
412 2076 466 2134 pro
489 2060 623 2132 ternpore
646 2057 829 2116 clarissimus
848 2058 1004 2134 eparchiae
1022 2058 1191 2134 Libyorum

173 2156 269 2216 civilis
287 2156 377 2215 iudex
394 2155 515 2231 proprio
535 2154 667 2230 periculo
686 2155 786 2214 virum
799 2155 983 2214 industrium
996 2156 1090 2233 eligat
1103 2174 1189 2212 eum-

173 2272 231 2329 que
254 2255 358 2312 mittat
380 2253 459 2313 vices
483 2271 552 2311 suas
576 2252 781 2330 sustinentem,
806 2253 859 2328 qui
881 2253 1022 2312 residebit
1040 2253 1072 2310 in
1089 2251 1190 2310 Mare-

173 2354 224 2410 ota
247 2355 277 2410 et
294 2351 457 2410 Menelaita
478 2351 562 2429 urbe,
586 2354 616 2410 et
633 2348 822 2426 pecuniarias
842 2353 873 2409 et
892 2349 1061 2408 criminales
1079 2367 1191 2408 causas

173 2452 203 2507 et
232 2449 333 2509 omnia
365 2449 425 2507 alia
458 2467 536 2525 quae
568 2449 599 2507 in
630 2447 742 2508 vicinia
769 2447 921 2534 Mareotae
950 2450 980 2506 et
1006 2446 1190 2505 Menelaitae

172 2546 254 2604 urbis
287 2547 435 2623 geruntur
467 2545 571 2603 audiet
600 2548 630 2603 et
662 2547 861 2604 consentanea
888 2543 992 2603 faciet:
1025 2547 1055 2602 et
1083 2543 1108 2601 si
1132 2543 1190 2619 qui

171 2642 443 2701 Alexandrinorum
474 2625 608 2699 seditio'si
638 2641 784 2720 fugerint,
815 2641 870 2701 hos
899 2640 1127 2716 comprehendet
1155 2643 1190 2698 et

172 2740 273 2797 mittet
296 2736 454 2814 spectabili
472 2736 645 2815 Augustali,
668 2737 778 2797 litteris
800 2738 929 2813 publicis
953 2738 992 2797 ad
1010 2757 1079 2796 eum
1098 2736 1190 2815 datis,

171 2838 208 2894 ut
231 2835 306 2893 nihil
325 2835 369 2892 ita
388 2832 580 2893 commissum
597 2834 729 2893 inultum
747 2835 944 2911 relinquatur.
978 2833 1091 2904 Quodsi
1110 2833 1189 2892 sedi-

172 2931 257 2992 tiosis
295 2931 475 3007 quibusdam
510 2931 697 3010 fugientibus
737 2931 770 2989 in
805 2933 972 2992 Mareotam
1014 2929 1189 3007 spectabilis

172 3028 352 3108 Augustalis
379 3029 511 3089 voluerit
538 3047 587 3089 eos
616 3029 877 3108 comprehendere,
909 3029 1013 3089 licebit
1039 3029 1067 3088 ei
1089 3047 1188 3087 unum

172 3148 207 3187 ex
231 3127 546 3188 commentariensibus
570 3127 623 3203 qui
646 3127 674 3185 ei
697 3126 825 3185 subsunt
847 3127 966 3186 mittere
989 3147 1058 3186 oum
1076 3125 1189 3184 litteris

172 3226 301 3302 publicis
321 3227 360 3284 ad
377 3225 524 3286 vicarium
543 3223 700 3282 clarissimi
719 3223 826 3283 iudicis
840 3224 1006 3302 Libyorum
1019 3223 1187 3300 eparchiae,

172 3327 209 3381 ut
241 3343 314 3382 cura
346 3324 410 3382 eius
443 3325 474 3381 et
504 3321 639 3396 periculo
666 3319 810 3397 flagitiosi
837 3321 1128 3398 comprehendantur
1155 3323 1188 3378 et

246 3457 307 3523 181)
328 3453 393 3510 eod.
414 3452 525 3508 στέλλει.
600 3454 662 3521 182)
682 3451 749 3507 (lod.
764 3449 905 3521 σε’χεσδαι.
