2654 3922
511 139 816 236 γ--εε-

199 333 360 414 πληναρίαι
395 326 608 417 δηίοῦσι,]έο3)
645 334 766 408 ἅστινας
801 336 981 416 πληναρίας,
1017 336 1072 416 τήν
1109 359 1139 399 τε
1169 337 1211 401 let

197 426 339 493 Ἰωάννου
366 429 422 509 τήν
449 453 478 491 τε
504 429 553 492 ἐπὶ
573 425 716 513 Ὠρίωνος
743 430 924 513 γενομένην,
951 432 1210 516 έκπεμφθείσαςὴ

201 524 249 607 σε)
262 526 391 611 ὑπεροχὴ
414 527 465 589 καί
482 524 567 608 ἡμεῖς
585 527 749 609 έφείδομεν.
779 530 934 614 ῥᾳθυμίας
953 521 1009 592 οὖν
1027 531 1106 593 ἔσται
1124 533 1211 612 μόνης

203 617 313 708 nobb)
336 625 498 707 προδοσίας
520 625 552 687 τὸ
576 625 617 706 μὴ
639 625 690 687 καί
712 632 774 700 τοῖς
798 621 936 712 ocrem)
959 627 1130 709 γενομένοις
1148 628 1211 692 doro-

202 728 363 801 λονθῆσαι·
391 719 486 796 ἄλλοις
513 716 601 806 rem)
629 722 679 785 καί
701 725 821 803 μείζονα
843 724 894 786 καί
917 725 1102 809 ἰσχυρότερον
1125 726 1212 788 αὐτὸν

200 818 394 899 ἐποιήσαμεν,
430 819 481 882 καὶ
516 820 571 900 τὴν
602 830 655 884 τοῦ
688 821 903 902 αιἰμονσταλίον
937 823 1105 904 δεδώκαμεν
1137 823 1212 909 αὐτῷ

199 911 342 1000 itervm)
369 939 398 978 τε
425 917 477 979 καί
504 918 720 980 δικαιοδοσίαν·
749 920 786 982 οὐ
816 919 872 1001 γὰρ
899 917 938 981 δν
961 921 1007 1000 εἴη
1030 920 1162 1003 φορητὸν
1182 922 1212 984 τὸ

201 1016 334 1094 μείζονος
357 1012 411 1095 μὲν
434 1014 569 1090 ἐξουσίας
592 1017 768 1098 δράξασθαι,
791 1015 931 1080 έλοίττονα
955 1015 987 1078 δέ
1009 1017 1059 1079 καί
1082 1027 1141 1079 τῶν
1158 1019 1212 1101 πρὸ

198 1113 292 1175 αὐτοῦ
315 1122 494 1193 καταστῆναι
514 1112 565 1174 καὶ
587 1113 748 1177 ὑποθεῖναι
770 1114 826 1193 τήν
844 1137 874 1176 τε
894 1114 966 1194 ὅλην
984 1116 1133 1178 πολιτείαν
1150 1139 1213 1177 κιν-

201 1210 295 1296 δύνῳ,
318 1209 424 1272 ἓαντόν
446 1233 476 1272 τε
495 1209 608 1297 ὀλέθρῳ
627 1213 767 1291 διηνεκεῖ,
789 1212 839 1273 καί
859 1221 912 1292 τῆς
931 1209 1022 1293 ἀρχῆς
1040 1211 1214 1274 ἐκπίπτοντα

174 1307 249 1369 καὶ
272 1306 451 1388 έναγόμενον
473 1308 524 1370 καί
548 1307 606 1384 [ἐν]
630 1308 733 1395 ἰδιώτῃ
756 1310 813 1396 βίῳ
836 1308 886 1371 καί
910 1308 980 1390 μετὰ
993 1297 1057 1388 ’τὴν
1080 1309 1212 1388 τελευτὴν

198 1402 248 1465 διὰ
271 1413 330 1466 τῶν
354 1404 446 1466 αὐτοῦ
468 1406 662 1490 κληρονόμων
684 1401 776 1488 adm)
799 1405 883 1488 χρέος
906 1405 1047 1469 ἐκλύοντα
1069 1405 1124 1480 ἕως
1141 1406 1214 1468 κατὰ

198 1509 286 1583 τριῶν
310 1499 446 1584 ἀρτοίβων
470 1496 610 1586 clauom)
633 1503 713 1565 ίίπαν
736 1503 768 1566 τὸ
793 1503 899 1586 μέτρον
921 1504 954 1567 τὸ
977 1503 1017 1584 με)
1036 1502 1215 1583 ἐκκομισθὲν

197 1778 300 1837 nariae
328 1779 503 1857 ostendunt,
531 1797 607 1855 quas
634 1779 798 1857 plenarias,
829 1781 894 1838 tam
923 1797 1001 1855 quac
1024 1779 1079 1838 sub
1102 1780 1214 1840 Ioanne

198 1894 291 1952 quam
319 1895 396 1952 quae
424 1877 480 1934 sub
504 1875 612 1936 Orione
635 1876 716 1937 facta
739 1879 798 1954 est,
826 1876 885 1935 huc
909 1875 1015 1935 missas
1039 1877 1215 1937 excellentia

197 1975 252 2032 tua
275 1975 306 2030 et
328 1990 382 2032 nos
405 1973 596 2049 inspeximus.
632 1973 848 2052 Neglegentiae
872 1973 969 2052 igitur
991 1975 1089 2033 solnm
1108 1975 1165 2033 erit
1185 1977 1216 2034 et

197 2068 377 2145 proditionis
404 2069 478 2128 haec
505 2088 582 2145 quae
610 2069 654 2128 ita
681 2073 767 2149 gesta
795 2074 867 2130 sunt
897 2090 957 2131 non
981 2074 1118 2130 secutum
1141 2089 1215 2150 esse,

196 2165 373 2242 praesertim
406 2185 474 2225 cnm
501 2166 645 2227 maiorem
672 2170 703 2226 et
729 2169 932 2245 potentiorem
959 2187 1029 2228 eum
1055 2169 1216 2228 fecerimus

198 2266 228 2324 et
251 2263 432 2342 Augustalis
462 2264 490 2323 ei
512 2264 691 2344 dignitatem
714 2268 745 2325 et
767 2265 1008 2326 iurisdictionem
1031 2265 1216 2326 dederimus:

197 2380 252 2420 nec
275 2362 355 2422 enim
378 2362 534 2423 tolerabile
558 2366 643 2441 esset,
667 2363 693 2421 si
714 2363 859 2423 maiorem
883 2365 1067 2440 potestatem
1086 2364 1216 2440 adeptus

196 2463 263 2518 tum
301 2459 473 2521 inferiorem
509 2460 745 2520 antecessoribus
782 2478 813 2520 se
850 2460 1018 2521 exhibuerit
1049 2463 1116 2519 tum
1147 2461 1219 2519 uni·

195 2574 314 2616 versam
333 2557 549 2634 rempublicam
565 2557 699 2633 periculo
719 2557 888 2636 subiacent,
912 2561 1006 2619 semet
1023 2558 1124 2634 ipsum
1141 2578 1217 2619 vero

195 2656 359 2729 perpetuae
381 2653 556 2730 perditioni,
580 2653 838 2715 administratione
863 2655 971 2714 cadens
995 2658 1026 2714 et
1047 2659 1218 2716 conventus

196 2750 289 2808 etiam
315 2749 348 2808 in
374 2750 494 2825 privata
520 2750 585 2809 vita
612 2751 643 2810 et
669 2754 739 2827 post
765 2755 894 2812 mortem
920 2772 974 2829 per
996 2752 1118 2812 heredes
1141 2771 1218 2814 suos

196 2846 331 2906 debitum
367 2848 533 2925 exsolvens,
569 2847 662 2908 donec
692 2868 747 2925 per
777 2851 879 2909 ternas
914 2849 1035 2909 amabas
1066 2851 1219 2910 frumenti

266 3107 330 3174 000)
347 3103 427 3158 Licet
440 3102 471 3159 in
484 3103 580 3160 codice
593 3104 695 3159 lacuna
708 3121 765 3160 non
779 3104 818 3160 eit
831 3107 940 3175 notata,
962 3108 1058 3160 tamen
1071 3104 1220 3162 eiusmodi

195 3174 264 3244 quid
283 3174 471 3245 supplendum
489 3177 545 3242 est,
568 3177 600 3230 ut
623 3174 661 3229 sit
678 3191 734 3244 quo
752 3174 869 3238 ἅστινας
887 3177 1045 3246 πίηναρίας
1063 3175 1220 3232 referatur.

195 3249 259 3316 204)
279 3246 345 3302 (lod.
364 3246 414 3301 καί
431 3262 489 3301 non
506 3245 601 3301 habet.
673 3250 737 3314 206)
757 3247 823 3301 cod.
840 3246 990 3309 τοσούτοις.
1063 3249 1128 3316 206)
1143 3245 1221 3302 Ood.

196 3316 272 3372 ὥστε.
355 3319 420 3386 207)
436 3316 481 3371 An
499 3317 596 3383 ἀξίανς
677 3320 742 3386 208)
761 3317 828 3372 eod.
849 3316 899 3371 καί
917 3317 956 3372 τὸ.
1026 3317 1222 3386 209)1nhoe
1313 3367 1314 3390 p

196 3386 283 3442 verbo
296 3387 387 3441 latere
400 3385 514 3442 ridetur
526 3387 603 3454 quod
616 3386 688 3442 alias
698 3385 813 3441 additur
822 3386 895 3458 ὑπὲρ
906 3381 1024 3443 ἕκαστον
1034 3388 1222 3457 νομίσματος,
1313 3407 1314 3414 “

195 3456 242 3510 vel
260 3457 481 3528 ἀποτιμιίιμενον.
