2654 3922
513 241 734 305 „37-

117 399 267 482 [έπέχονσι
281 412 332 482 τῆς
346 396 594 486 εἰσπράξεως]89),
608 413 660 483 τῆς
679 405 856 486 εἰσπράξεως
869 405 1005 486 καθάπερ
1019 404 1131 485 εἴρηται

115 498 277 582 γινομένης
308 500 442 586 κινδύνῳ
474 511 528 563 τοῦ
560 501 634 562 κατὰ
665 501 769 584 καιρὸν
801 501 993 584 περιβλέπων
1021 502 1130 583 αὔγου-

115 598 237 659 στσιλλοο
258 597 309 658 καλ
331 607 384 677 τῆς
403 596 589 677 πειθομένης
608 599 688 684 αὐτῷ
707 599 825 678 τάξεως,
847 609 906 660 τῶν
925 598 957 660 δὲ
975 601 1131 681 χρημάτων

115 693 376 776 μεταβαλλομένων
385 688 425 777 ⁹⁰)
444 694 494 757 est
517 696 586 768 τοὺς
609 695 861 776 καθωσιωμένονς
881 706 940 758 τῶν
958 698 1053 760 θείων
1071 701 1131 758 lar-

115 792 256 873 gitidvow
287 793 482 872 παλατλνονς,
515 787 561 865 οἷς
592 794 699 856 τούτου
734 792 812 871 μέλει
842 804 895 857 τοῦ
928 792 1050 876 μέρους,
1081 794 1132 856 κοιλ

114 890 186 962 τοὺς
208 887 303 962 ἄλλως
326 887 537 970 στελλομένονς
563 889 611 952 ἐπὶ
633 885 759 974 τοῦτο*)
777 891 856 973 παρὰ
879 901 932 953 τοῦ
951 903 1132 974 προεστῶτος

115 998 169 1070 τῆς
197 986 289 1068 αὐτῆς
317 987 456 1060 εὐκλεοῦς
485 986 580 1070 ἀρχῆς
608 987 800 1063 ένδοξοτσλτοο
828 986 969 1071 έίρχοντος
988 1035 1084 1051 .....
1090 983 1131 1072 ⁹¹)

114 1086 166 1148 καλ
199 1083 265 1148 othe
297 1084 386 1167 λόγον
422 1079 692 1168 σομχωρήσοοσθλ)
725 1085 834 1148 δοῦναί
858 1080 962 1169 τινιθῧ)
989 1086 1070 1169 παρὰ
1096 1087 1132 1147 τὰ

116 1186 288 1266 ἔμπροσθεν
314 1181 542 1265 ιλιημορεομένσι,
571 1181 638 1244 ob'rs
663 1182 829 1263 ἐμπόδισμά
851 1206 880 1245 τε
903 1182 1042 1265 γενέσθαι
1064 1183 1131 1265 περὶ

115 1283 169 1356 τὰς
202 1282 373 1362 εἰσπράξεις.
419 1281 453 1342 οἵ
482 1303 512 1343 τε
544 1279 771 1361 καθωσιωμένοι
800 1290 970 1363 στρατιῶται
997 1273 1071 1364 ολθέ)
1099 1279 1131 1343 έν

117 1385 182 1452 ταῖς
213 1379 321 1460 χώραις
354 1377 481 1451 ἐκείναις
511 1377 560 1440 καλ
588 1378 621 1440 έν
649 1385 713 1452 ταῖς
740 1379 858 1440 πόλεσιν
887 1377 968 1452 ὄντες
995 1378 1029 1439 τὰ
1057 1378 1132 1440 αὐτὰ

117 1478 281 1556 πείσονται,
310 1476 337 1536 εἰ
358 1475 399 1555 μὴ
422 1473 555 1538 κάκεῖνοι
577 1475 737 1557 ἀμύνοιεν,
758 1477 809 1538 καλ
831 1475 864 1539 ἐκ
887 1477 998 1559 τρόπον
1020 1477 1132 1550 παντὸς

116 1673 286 1750 periculum
318 1672 469 1732 sustinent
497 1672 673 1750 exactioniS‚
706 1672 859 1732 exactione
887 1677 923 1731 ut
950 1673 1133 1732 dictumest

116 1769 251 1847 periculo
274 1789 328 1847 pro
351 1772 485 1846 tempore
509 1769 681 1845 spectabilis
704 1769 883 1848 Augustalis
907 1773 938 1829 et
960 1769 1051 1830 officii
1074 1769 1133 1845 ipsi

117 1867 352 1944 obtemperantis
370 1867 515 1945 facienda,
538 1867 673 1943 pecuniis
691 1887 761 1927 vero
781 1868 820 1926 ad
838 1868 961 1928 devotos
980 1885 1133 1927 sacrarum

116 1965 316 2043 largitionum
338 1965 491 2041 palatinos
515 1965 730 2025 transferendis
754 1965 863 2042 quibus
885 1966 976 2024 huius
999 1966 1044 2024 rei
1061 1985 1134 2025 cura

116 2062 274 2141 incumbit,
298 2080 385 2121 eosve
409 2062 463 2138 qui
485 2064 643 2137 praeterea
666 2063 782 2123 adhoc
805 2063 970 2122 mittuntur
988 2083 1006 2122 a
1025 2064 1133 2141 glorio-

117 2160 237 2220 sissimo
255 2160 406 2235 praefecto
426 2159 518 2217 huius
536 2159 668 2236 inclytae
688 2160 977 2221 administrationis.
994 2209 999 2219 .
1016 2180 1134 2238 neque

116 2255 208 2337 λόγον
240 2258 310 2316 dare
342 2256 486 2332 cuiquam
518 2259 639 2331 practer
668 2276 703 2316 ea
734 2276 810 2334 quae
839 2261 928 2317 antea
956 2258 1036 2317 dicta
1064 2261 1135 2317 sunt

119 2356 221 2414 sinent
249 2373 345 2430 neque
373 2353 588 2429 impedimento
617 2353 734 2429 aliquid
759 2353 824 2412 fieri
851 2354 930 2413 circa
957 2355 1133 2415 exactiones

119 2451 232 2512 Devoti
256 2453 357 2510 autem
380 2450 493 2509 milites
513 2450 566 2526 qui
584 2451 616 2508 iu
634 2451 807 2529 regionibus
825 2450 892 2509 istis
911 2454 942 2510 et
960 2451 992 2509 in
1009 2452 1135 2510 urbibus

119 2551 193 2609 sunt
226 2549 329 2607 eadem
358 2551 430 2607 sunt
458 2548 590 2627 passuri,
623 2548 681 2607 nisi
709 2551 740 2607 et
765 2548 825 2625 ipsi
852 2567 939 2624 opem
961 2549 1072 2627 ferant,
1105 2552 1136 2608 et

193 2737 238 2804 89)
267 2733 379 2788 Inclusa
407 2733 443 2788 ob
471 2733 624 2857 rogutitam
646 2751 745 2790 vocem
766 2741 815 2804 τῆς
839 2731 1008 2804 εἰσπράξεως
1030 2733 1136 2790 omissa

119 2822 187 2860 esse
213 2803 352 2860 videntur.
430 2807 476 2874 90)
522 2808 582 2860 orte
610 2804 869 2879 καταβαλλομένων,
906 2807 971 2860 Mox
995 2805 1070 2860 enim
1089 2802 1136 2862 έπλ

116 2877 185 2939 τοὺς
216 2873 412 2946 σσελλομένονς
439 2878 642 2949 accomodata.
723 2876 749 2944 *)
775 2876 948 2946 Scrimger
971 2876 1017 2932 aa
1038 2878 1135 2951 τούτῳ.

117 2951 165 3013 91)
180 2947 310 3000 Laconas
324 2945 437 3017 signum
450 2946 481 2999 in
495 2946 555 3004 cod.
571 2963 628 3002 non
642 2950 692 3003 est.
723 2947 872 3017 Complura
886 2951 982 3002 tamen
997 2948 1134 3004 excidisse

117 3017 259 3074 videntur.
284 3016 324 3072 Of.
338 3034 362 3074 c.
377 3018 468 3084 lIss.
543 3021 589 3086 92)
610 3018 676 3073 Cod
692 3018 896 3089 σομχωρήσεοις.
934 3017 1136 3100 Osenbrilggen

118 3087 307 3158 συγχωρήσειε
325 3088 382 3159 legi
400 3089 501 3145 voluit.
530 3089 620 3156 Atqui
635 3089 812 3145 Praefectum
825 3089 980 3157 Praetorio,
999 3089 1045 3144 cui
1062 3089 1136 3142 mhil

115 3176 268 3215 commune
292 3163 336 3214 est
359 3176 423 3213 cum
446 3159 660 3230 largitionibus,
689 3160 827 3215 hocloco
851 3159 959 3228 alloqui
981 3161 1136 3229 imperator

117 3247 178 3286 non
196 3232 301 3299 potest.
330 3229 577 3301 Subintellsgendi
596 3233 662 3286 sunt
679 3230 801 3300 palatini
819 3231 890 3285 citra
904 3247 1024 3298 quorum
1037 3230 1135 3286 volun-

118 3304 212 3356 tatem
236 3299 317 3371 λόγος
341 3301 402 3356 dori
421 3319 478 3356 non
496 3304 606 3371 potest:
625 3301 659 3356 cf.
680 3319 703 3356 c.
722 3303 747 3354 ll
766 3308 820 3368 ξε.
911 3305 956 3368 93)
977 3300 1044 3357 Ood.
1063 3320 1135 3357 τινα.

118 3375 165 3443 94)
189 3370 258 3428 God.
280 3369 298 3440 ἢ
323 3369 358 3428 ολ.
390 3372 534 3442 Agylaeus
557 3372 615 3442 legi
633 3371 697 3426 vult
714 3372 763 3427 καλ
782 3370 811 3428 οἱ
828 3371 858 3426 ἐν
876 3380 938 3435 ταῖς
955 3393 980 3442 χ.
1000 3367 1021 3427 ἐ.
1041 3371 1090 3426 καλ
1109 3391 1136 3426 οι

118 3443 152 3498 ἐν
174 3450 243 3506 ταῖς.
280 3441 411 3497 Fortasse
435 3443 521 3499 altius
547 3442 711 3513 corruptela
729 3443 814 3498 latet:
834 3442 963 3498 tribunos
982 3445 1012 3499 et
1029 3443 1136 3515 priores

118 3512 261 3584 appellari
280 3517 434 3584 exspectes.
