2654 3922
555 141 774 206 „58-

161 302 241 384 παρδι
264 312 316 364 τοῦ
339 302 413 364 κατδι
435 301 539 384 καιρὸν
562 302 660 364 αὐτῶν
677 299 829 384 ι’ίρχοντος,
852 300 924 363 ἀλλὰ
941 299 992 362 καὶ
1009 299 1099 363 ἔνδον
1117 310 1177 364 τῶν

159 399 279 463 ἀσύλων
308 401 422 482 χωρίων
448 409 501 479 τῆς
528 401 704 482 εἰσπράξεως
725 397 899 481 γινομένης,
925 397 1056 460 καὶτῶν
1079 396 1177 461 ἄλλων

161 495 301 559 ἁπάντων
334 494 444 578 ὁμοίως
471 495 520 558 ἐπί
546 499 667 577 Λιβύης
693 496 744 558 καί
769 505 823 559 τοῦ
851 496 1018 578 Μαρεώτου
1045 495 1095 558 καί
1122 506 1177 559 τοῦ

161 596 349 657 Μενελαϊιου
380 603 432 674 τῆς
461 594 667 676 Αίγυπτιαιιῆς
693 593 805 668 πόλεως
830 592 1037 676 πραττομένων
1045 586 1097 676 ¹⁷¹)
1128 592 1179 654 ἐπὶ

158 697 224 765 ταῖς
257 693 510 772 largitionalicod‘g
538 692 715 773 εἰσπράξεσι,
751 692 887 772 καθάπερ
920 690 1078 772 εἰρήκαμεν
1111 691 1177 751 δεῖν

158 787 300 870 γενέσθαι
321 787 371 850 ἐπὶ
391 798 446 869 τῆς
461 783 673 870 Ἀλεξανδρέων
696 787 746 850 καὶ
767 786 905 870 ἑκατέρας
923 787 1079 869 Αἰγύπτου
1102 809 1178 868 προὸ

161 887 251 964 φάσει
274 896 333 947 τῶν
356 886 525 969 ἀρκαριιιῶν
546 887 732 968 εἰσπράξεων.
769 883 836 947 odis
859 882 890 947 δὲ
909 884 961 946 τὸν
979 893 1039 946 τῶν
1057 886 1178 947 ναύλων

159 983 250 1065 λόγον
280 981 347 1044 odis
370 983 421 1045 τδν
442 993 496 1064 τῆς
519 984 616 1064 ίδιιιῆς
638 981 688 1045 καί
709 992 828 1064 γενικῆς
850 981 993 1065 τραπέζης
1015 991 1069 1044 τοῦ
1092 983 1178 1044 δικα-

159 1082 283 1161 στηρίου
311 1090 364 1160 τῆς
392 1091 446 1162 σῆς
473 1081 620 1163 ὑπεροχῆς
647 1078 722 1162 ἔχειν
748 1080 814 1142 τινὰ
841 1079 999 1161 μετουσίαν
1026 1084 1177 1152 παντελῶς

158 1177 236 1260 πρὸς
267 1177 322 1256 τὴν
354 1176 513 1260 εἰρημένην
543 1189 597 1241 τοῦ
619 1180 760 1258 Λιβυκοῦ
792 1182 907 1258 ίιμιτοῢ
939 1176 1033 1258 ἀρχήν
1064 1199 1094 1238 τε
1125 1176 1177 1238 aod

157 1275 313 1354 εἴσπραξιν
346 1275 401 1352 [εἴς
432 1297 463 1336 τε
490 1274 541 1348 τὰς
568 1275 710 1358 πρότερον
737 1270 790 1336 ὑπ’
815 1269 979 1358 αὐτὸνΓῃ)
1008 1272 1101 1348 οὔσας
1123 1274 1175 1347 τοίς

157 1394 190 1433 τε
222 1381 281 1433 νῦν
313 1370 559 1452 προστιθεμένας,
595 1371 724 1435 τουτέστι
755 1371 806 1433 τὸν
840 1372 1009 1454 Μαρεώτνχν
1040 1371 1091 1434 καί
1123 1371 1175 1434 τὸν

159 1469 351 1649 Μενείαξρρχ
373 1468 428 1548 τὴν
450 1468 537 1532 πόλιν
560 1479 612 1550 τῆς
634 1463 811 1553 apamen)
830 1470 1004 1551 Αἰγυπτίων
1022 1468 1175 1550 ἐπαρχίας,

160 1560 201 1627 δι’
222 1564 239 1626 ὅ
257 1587 284 1626 τι
366 1568 537 1645 φθάσαντες
562 1565 622 1646 ἤδη
642 1568 863 1654 διῳκησάμεθα,
885 1565 935 1627 καί
954 1566 1003 1627 δεῖ
1006 1559 1057 1648 ¹⁷⁵)
1076 1567 1175 1628 πάντα

157 1665 211 1727 τὸν
239 1665 352 1726 ιιανόνα
380 1665 432 1726 τόν
458 1688 488 1726 τε
511 1663 543 1726 ἐκ
565 1666 686 1745 Λιβύης
708 1663 758 1725 καί
780 1673 833 1725 τοῦ
857 1663 1025 1745 Μαρεώτου
1047 1663 1097 1724 καί
1120 1673 1174 1726 τοῦ

157 1880 213 1938 pro
241 1862 375 1936 tempore
402 1860 566 1935 praefecto:
594 1861 747 1920 exactione
775 1859 868 1919 etiam
893 1860 975 1918 intra
1002 1859 1079 1935 asyli
1106 1861 1174 1919 loca

159 1957 305 2033 facienda,
325 1960 356 2015 et
375 1956 500 2031 reliquis
519 1955 657 2015 omnibus
676 1957 815 2016 similiter
832 1956 864 2014 in
877 1957 974 2034 Libya
993 1959 1024 2015 et
1037 1957 1173 2016 Mareota

157 2058 190 2114 et
208 2053 370 2112 Menelaita
392 2052 465 2111 urbe
480 2052 667 2130 Aegyptiace
685 2055 862 2130 peragendis
880 2053 1174 2132 isi-largitionalibus

157 2149 373 2228 exactionibus
393 2149 644 2226 quemadmodum
663 2150 791 2208 diximus
810 2151 875 2210 fieri
893 2154 1029 2227 oportere
1047 2151 1079 2208 in
1097 2151 1172 2209 urbe

158 2247 432 2308 Alexandrinorum
449 2250 480 2306 et
497 2249 627 2324 utraque
641 2248 781 2325 Aegypto
801 2249 968 2308 occassione
988 2248 1174 2307 arcariorum

158 2345 356 2406 exactionum.
388 2345 493 2422 Neque
513 2365 582 2405 vero
601 2346 762 2405 naulorum
775 2364 872 2420 neque
886 2344 1024 2421 specialis
1038 2346 1069 2404 et
1082 2365 1172 2423 gene-

157 2443 231 2503 ralis
259 2463 378 2502 mensae
401 2442 561 2501 tribunalis
588 2442 779 2501 excellentiae
802 2445 874 2501 tuae
896 2443 975 2502 ratio
1004 2441 1173 2518 quidquam

159 2560 317 2600 commune
340 2540 451 2599 habeat
474 2558 543 2598 eum
566 2538 646 2597 dicta
664 2538 769 2614 Libyci
787 2539 892 2598 limitis
912 2539 1171 2599 administratione

157 2640 190 2696 et
217 2636 371 2696 exactione
399 2638 464 2693 tam
491 2635 522 2692 in
550 2634 697 2710 eparchiis
724 2635 839 2712 pridem
863 2637 891 2695 ei
914 2635 1055 2697 subiectis
1079 2655 1172 2712 quam

158 2734 190 2791 in
213 2732 259 2790 his
283 2751 361 2808 quae
384 2749 463 2790 nunc
487 2731 620 2790 adiectae
644 2733 723 2810 sunt,
745 2732 776 2791 id
799 2735 845 2792 est
866 2734 1001 2794 Mareota
1024 2736 1055 2792 et
1073 2733 1173 2794 Mene-

159 2830 236 2889 laita
268 2827 342 2888 urbe
375 2827 531 2904 eparchiae
562 2828 677 2905 primae
700 2830 844 2908 Aegypti,
876 2834 1000 2907 propter
1030 2831 1062 2889 id
1089 2832 1172 2907 quod

157 2929 248 2987 antea
275 2926 337 2984 iam
364 2925 578 3005 disposuimus,
607 2929 638 2986 et
667 2930 786 3004 oportet
812 2930 913 2988 totum
940 2947 1083 2989 canonem
1106 2932 1171 2988 tam

157 3045 195 3084 ex
209 3025 305 3102 Libya
328 3043 420 3101 quam
439 3044 475 3083 ex
487 3024 623 3084 Mareota
641 3027 672 3083 et
685 3025 848 3083 Menelaita
865 3026 938 3085 urbe
958 3025 1171 3088 conferendum

231 3217 293 3281 171)
322 3212 389 3268 Cod.
418 3208 557 3279 είσττραττ.
653 3211 716 3279 172)
743 3209 820 3265 Haec
847 3210 894 3266 vel
921 3210 1027 3265 similia
1054 3212 1169 3267 omnino

157 3283 315 3352 supplenda
333 3284 406 3336 sunt.
481 3281 544 3348 1⁷3)
564 3278 632 3334 eod.
650 3289 706 3335 τῶν
722 3279 836 3350 Αίγυτιτ,
855 3280 966 3336 omissis
984 3289 1033 3350 τῆς
1051 3283 1169 3350 πρώτης.

160 3361 221 3419 1⁹14)
232 3353 298 3409 cod.
309 3352 389 3407 διότι.
412 3351 489 3406 Infra
498 3350 538 3413 είς
546 3359 628 3406 τοῦτο
639 3349 707 3420 ὅπερ
717 3351 766 3405 aod
776 3351 940 3419 φθάσαντες
949 3353 1170 3422 διετνπίισαμεν.

160 3425 221 3493 175)
240 3421 306 3477 eod.
326 3423 370 3491 δὴ.
