2654 3922
392 69 785 183 ''-7'1--

164 290 207 369 τῷ
231 284 339 362 ταύτης
361 282 563 368 αύμοοσταλίφ
585 279 605 362 ἢ
627 287 690 355 τοῖς
712 275 784 365 παρ’
809 281 901 372 αὐτοῦ
919 281 1182 363 προβαλλομένοις·

110 383 113 388 ’
168 381 221 443 τὸν
245 378 277 443 δὲ
300 380 548 460 φιλοτιμούμενον
571 372 641 462 παρ’
667 377 752 459 ἡμῶν
770 381 810 464 τῷ
829 379 963 465 τροφίμῳ
981 390 1034 460 τῆς
1049 375 1183 455 Ἀλεξαν-

166 477 264 560 δρέων
290 477 403 550 πόλεως
430 475 512 558 μέχριΙ
538 475 799 555 πεντεκαιδεκάτης
825 485 878 537 τοῦ
902 473 1064 558 ύκτωβρίον
1088 478 1183 558 μηνὸς

163 573 295 638 στέλλειν
322 574 372 636 καί
398 574 585 656 παραδώσειν
612 579 652 659 τῷ
676 573 755 658 αύτῷ
778 571 958 659 περιβλέπτῳ
981 573 1183 663 αύγονσταλίφ

167 671 189 754 ἣ
215 679 277 746 τοῖς
303 666 374 754 παρ’
403 670 496 745 αὐτοῦ
524 668 784 752 προβαλλομένοις
800 671 843 744 είς
869 680 955 733 τούτο
979 666 1109 756 ὅπερέέῧ)
1133 672 1183 735 καλ
1253 745 1257 762 μ

53 798 57 806 ·
147 771 342 850 ,φθάσαντες
370 769 598 849 διετνπώσαμεν.
644 770 748 850 πράξει
775 766 808 830 δέ
834 767 889 847 τὴν
916 769 1083 850 πληναρίαν
1109 770 1183 831 κατδι

6 881 10 893 ’
62 927 63 930 ,
168 867 200 929 τὸ
223 865 345 929 ἀνωθεν
367 859 437 947 παρ’
462 862 548 946 ἡμῶν
572 864 805 947 διατεταγμένον.

228 960 360 1043 Ἔπειτα,
384 963 455 1046 ὅπερ
477 961 623 1043 ἕπύμενύν
645 963 705 1024 ἐστι
726 968 767 1048 τῷ
789 964 937 1044 πράγματι
961 957 1075 1048 (φαμὲν
1093 964 1131 1044 δὴ
1149 965 1181 1027 τὸ

167 1070 229 1122 τῶν
251 1055 401 1143 ναύλων),
424 1059 456 1122 έν
480 1061 617 1142 φροντίδι
639 1059 690 1122 καί
712 1061 845 1147 κινδύνῳ
867 1059 956 1122 παντί
979 1060 1057 1147 αύτῷ
1080 1083 1110 1123 τε
1132 1062 1183 1124 καί

163 1165 229 1232 τοῖς
265 1157 430 1240 ἐπιχωρίοις
466 1155 588 1240 άρχοοσι
624 1156 674 1219 καί
705 1164 769 1232 ταῖς
800 1156 993 1238 πειθομέναις
1024 1153 1182 1236 advocent

164 1257 264 1330 τάξεσι
295 1257 434 1335 κείσεται,
465 1255 536 1317 ὥστε
567 1254 619 1328 τὰς
645 1255 745 1328 πόλεις
771 1254 822 1316 καί
847 1255 918 1328 τοὺς
940 1255 1050 1329 τύπους
1072 1256 1123 1318 καί
1144 1256 1181 1318 τά

166 1352 323 1433 πρόσωπα,
346 1353 401 1414 ὅσα
422 1351 617 1433 ύπεθήκαμεν
639 1363 676 1438 τη
699 1350 918 1438 ἀποτεταγμένη
940 1353 1014 1438 τῷδε
1036 1359 1076 1438 τῷ
1099 1353 1181 1441 νόμω

167 1448 329 1536 ἀπογραφῇ
351 1449 402 1512 καί
424 1449 615 1533 ἀφωρίσαμεν
636 1455 677 1534 τῷ
701 1459 760 1512 τῶν
782 1452 903 1513 ναύλων
925 1451 1023 1536 τίτλφ,
1046 1452 1182 1533 είσπράτ-

168 1568 229 1608 τειν
256 1547 353 1626 πάσης
383 1547 529 1627 μειώσεως
555 1546 643 1629 χωρὶς
664 1547 715 1609 καὶ
737 1545 871 1609 ἀπαιτεῖν
894 1548 926 1609 τὸ
949 1546 1090 1610 ἐντεῦθεν
1112 1574 1182 1631 χρο-

167 1644 235 1706 σίον
263 1644 342 1706 άπαν
364 1644 414 1706 καί
438 1643 555 1706 διδόναι
576 1650 616 1729 τῷ
639 1653 698 1706 τῶν
721 1645 839 1707 ναύλων
861 1642 1008 1731 ἀποδέκτη
1030 1645 1099 1706 εἴσω
1121 1656 1180 1708 τῶν

165 1904 232 1964 eins
255 1904 421 1983 Augustali
448 1904 497 1963 vel
519 1903 566 1963 his
590 1903 644 1980 qui
666 1903 704 1962 ab
728 1922 762 1963 eo
786 1903 900 1962 fuerint
922 1903 1072 1980 deputati:
1101 1904 1182 1980 quod

168 2004 272 2062 autem
307 2020 361 2063 nos
398 2001 430 2060 in
462 2001 637 2062 alimoniam
668 2001 752 2061 urbis
774 2001 1047 2062 Alexandrinorum
1078 2002 1179 2080 largit‘

167 2117 281 2177 sumus,
303 2117 399 2175 usque
423 2099 462 2158 ad
484 2099 632 2158 decimum
656 2099 797 2175 quintum
819 2099 929 2158 mensis
953 2098 1090 2160 Octobris
1113 2100 1181 2160 mit-

167 2198 231 2254 tere
259 2198 289 2254 et
315 2196 432 2255 tradere
459 2196 517 2272 ipsi
545 2195 702 2273 spectabili
724 2195 889 2273 Augustali
916 2198 964 2256 vel
992 2197 1040 2255 his
1067 2197 1120 2275 qui
1144 2197 1181 2257 ab

169 2311 205 2352 ec
233 2291 371 2368 deputati
398 2293 512 2352 fuerint
539 2292 577 2352 ad
603 2293 673 2370 hoc,
701 2292 782 2369 qnod
805 2295 835 2350 et
858 2295 948 2352 antea
970 2293 1180 2369 disposuimus,

167 2388 273 2448 Faciet
299 2391 402 2449 autem
428 2390 521 2450 etiam
549 2389 717 2467 plenariam
745 2388 909 2449 secundum
931 2389 963 2447 id
986 2390 1067 2466 quod
1089 2409 1181 2467 supra

167 2504 188 2545 a
211 2485 296 2546 nobis
320 2486 519 2547 constitutum
541 2490 595 2547 est.

236 2580 269 2658 [ξ
295 2585 322 2643 2.
354 2585 521 2644 Νακίοιανω
543 2581 666 2659 titubes]
703 2583 826 2662 Deinde,
850 2583 931 2659 quod
952 2583 1023 2643 huic
1045 2585 1090 2644 rei
1112 2604 1181 2646 con·

167 2700 277 2740 nexum
300 2684 346 2741 est
369 2673 478 2763 (naula
500 2673 654 2763 dicimus),
685 2700 774 2741 curae
802 2684 833 2740 et
856 2679 937 2741 omni
959 2680 1093 2757 periculo
1116 2682 1180 2742 eius

166 2780 200 2837 et
221 2777 432 2855 indigenarum
453 2778 588 2838 iudicum
611 2781 642 2838 et
665 2777 832 2839 officiorum
855 2777 898 2837 eis
920 2778 1092 2854 parentium
1110 2779 1180 2839 sub-

167 2875 293 2954 iacebit,
320 2878 358 2935 ut
385 2875 422 2935 ab
449 2876 575 2935 urbibus
598 2879 629 2936 et
651 2876 724 2937 locis
748 2879 779 2935 et
800 2875 935 2952 personis
959 2894 1033 2952 quas
1056 2876 1089 2935 in
1111 2876 1180 2936 sub-

167 2971 246 3032 iecta
268 2973 339 3033 huic
357 2972 418 3050 legi
437 2973 635 3049 descriptione
654 2973 841 3033 subdidimus
860 2975 892 3032 et
908 2973 1069 3033 naulorum
1087 2973 1179 3034 titulo

168 3070 401 3150 assignavimus,
452 3071 598 3150 colligant
647 3071 724 3131 citra
764 3071 900 3148 aliquam
939 3070 1180 3132 imminutionem

168 3168 200 3225 et
228 3185 335 3228 aurum
357 3168 425 3228 inde
450 3187 535 3229 omne
559 3168 681 3247 exigant
704 3171 736 3228 et
757 3159 918 3229 naulonum
941 3169 1106 3244 suscepturi
1133 3169 1179 3227 in-

239 3385 849 3479 mmmammm
