2654 3922
536 223 757 286 -21.„

138 381 250 459 ταύτην
267 380 323 460 τὴν
341 382 505 462 εὐδαίμονα
523 383 620 462 πόλιν,
642 393 793 464 πανταχοῦ
812 383 956 460 πρόνοιαν
974 385 1155 464 ποιούμενον

139 487 193 540 τοῦ
221 477 314 558 μηδὲν
341 479 482 562 ἐκφύριον
511 482 650 562 γίνεσθαι
672 480 705 544 ἐκ
727 491 787 543 τῶν
810 481 1051 564 ὑποτεταγμένων
1074 481 1154 566 αύτῷ

138 575 252 637 πόλεών
279 599 309 639 τε
335 576 387 639 καλ
415 577 561 659 ἐπαρχιῶν
584 577 634 640 καλ
655 578 754 642 τύπων
776 578 827 640 καλ
849 574 994 663 ὅρμωνλὸ)
1017 578 1068 641 καλ
1090 595 1156 640 στα

139 673 231 752 μίαν,
261 673 332 755 πρὶν
363 674 419 754 τὴν
450 676 551 737 αἰσίαν
583 674 713 757 ἐμβολὴν
740 674 924 740 ἀποπλεύσαι
951 687 1004 757 τῆς
1023 673 1156 750 Ἀλεξαν-

140 768 234 851 ὀρέων
256 770 379 852 πόλεως,
402 769 476 852 μηδὲ
500 771 572 853 μετὰ
594 781 696 851 ταῦτα,
718 771 796 851 πλὴν
818 773 846 834 ελ
867 772 908 852 μὴ
931 773 1005 835 κατὰ
1027 774 1060 836 τὸ
1083 777 1154 854 παρ’

139 863 225 946 ἡμῶν
261 867 506 951 ἐπιτετραμμένον
542 867 562 950 ἢ
599 868 870 951 ἐπιτραπησύμενον
906 868 939 932 ἐκ
975 871 1069 933 θείων
1102 868 1157 951 μὲν

138 961 225 1044 ἡμῶν
252 967 369 1046 τύπων,
396 967 582 1049 προστύξεωυ
611 964 643 1029 δὲ
669 976 729 1030 τῶν
756 967 879 1050 θρόνων
901 976 1058 1030 τῶνσῶν·
1081 967 1156 1049 πρὸς

139 1061 257 1125 ἅπαντα
283 1063 335 1126 καλ
362 1073 422 1125 τῶν
450 1073 635 1145 στρατιωτῶν
661 1063 894 1146 ὑπουργούντων
917 1064 996 1151 αύτῷ
1019 1066 1156 1144 καθάπερ

141 1158 311 1242 ἔμπροσθεν
342 1161 454 1243 εἴρηται
477 1155 565 1244 deff)
599 1160 638 1224 ύν
670 1161 772 1234 αὐτοῖς
803 1164 988 1244 προστάξειε,
1019 1161 1068 1224 καλ
1098 1171 1158 1222 τῶν

139 1257 316 1340 ναυκλήρων
345 1257 575 1339 ύποιλεχομύνυν
602 1258 654 1321 τὸν
681 1265 763 1322 σῖτον
790 1259 840 1321 καλ
866 1259 1071 1341 ἐμβαλλόντων
1094 1265 1158 1332 ταῖς

139 1353 244 1434 υαυσλ,
273 1355 414 1419 κύκεύθεν
438 1352 494 1435 ὑφ’
519 1353 643 1438 ἡγεμόνι
664 1363 729 1442 θεῷ
752 1357 826 1439 πρὸς
848 1359 960 1437 ταύτην
982 1357 1037 1437 τὴν
1059 1355 1158 1418 addol-

141 1475 219 1532 μονα
249 1453 485 1535 ναυτιλλομένων
517 1454 614 1516 πόλιν.
664 1456 690 1516 εἰ
721 1453 853 1537 μέντονμε
884 1455 936 1518 τὸν
964 1455 993 1530 ἐξ
1021 1451 1158 1535 ἑκατέρας

140 1550 295 1630 Αύμύπτου
324 1551 364 1632 μὴ
391 1552 553 1634 εἰσπράξειε
583 1558 681 1632 σῖτον,
711 1551 762 1614 καλ
790 1552 842 1614 τὸν
870 1550 924 1633 μὲν
949 1561 1002 1631 τῆς
1025 1550 1159 1613 ἐνταῦθα

140 1646 330 1728 πεμπομένης
354 1650 451 1722 αλσίας
474 1648 601 1730 ἐμβολῆς
624 1649 853 1730 εἰσκομισθῆναι
874 1649 1104 1731 παρασκευάσειε
1122 1657 1158 1733 τῇ

138 1740 352 1827 Ἀλεξανδρέων
378 1746 429 1808 καλ
456 1751 648 1826 πλωϊσθῆναι
674 1745 748 1827 πρὸς
774 1747 885 1825 ταύτην
912 1745 967 1825 τὴν
994 1745 1159 1824 εὐδαίμονα

142 1977 255 2055 dirigat
283 1975 322 2036 ad
344 1977 421 2037 hanc
445 1977 559 2037 almam
581 1977 699 2037 urbem:
728 1980 759 2037 et
780 1977 893 2054 ubique
916 1977 1093 2054 prospiciat,
1121 1997 1158 2036 ne

142 2095 179 2135 ex
202 2073 343 2134 subiectis
366 2075 425 2151 ipsi
448 2074 575 2134 urbibus
598 2078 629 2134 et
652 2075 799 2152 eparchiis
823 2079 854 2135 et
876 2075 949 2136 locis
973 2078 1004 2134 et
1022 2074 1160 2135 stationi-

140 2172 198 2231 bus
231 2171 355 2231 nsvium
382 2174 413 2231 et
442 2172 527 2232 ostiis
555 2173 640 2249 prius
669 2173 835 2249 quidquam
864 2176 1039 2248 exportetur
1067 2191 1159 2248 quam

140 2269 215 2329 felix
241 2269 359 2329 embola
382 2269 420 2328 ab
442 2269 717 2329 Alexandrinorum
738 2269 812 2328 urbe
836 2269 1076 2348 obnavigaverit,
1105 2288 1159 2328 nec

140 2369 248 2444 postea
270 2365 329 2424 nisi
352 2369 502 2443 quatenus
526 2386 544 2425 a
567 2365 652 2426 nobis
675 2366 854 2442 permissum
878 2367 918 2424 sit
935 2366 984 2426 vel
1002 2367 1159 2442 permitta-

141 2468 195 2524 tur
221 2484 275 2541 per
303 2482 402 2523 sacras
431 2463 553 2540 quidem
580 2465 699 2524 nostras
726 2463 852 2540 formas,
884 2463 1062 2523 thronorum
1088 2482 1159 2523 vero

141 2566 266 2622 tuorum
289 2561 443 2622 iussiones.
480 2561 516 2620 ln
536 2561 675 2622 omnibus
693 2580 763 2621 vero
782 2559 893 2619 milites
912 2559 939 2618 ei
958 2559 1160 2619 ministerium

140 2662 309 2738 praestent,
336 2662 374 2717 ut
401 2661 490 2718 antea
519 2659 634 2718 dictum
662 2661 720 2738 est,
749 2657 1001 2734 quemadmodum
1025 2676 1075 2716 eos
1098 2657 1159 2715 ius-

142 2758 224 2836 serit,
247 2756 427 2816 navicularii
450 2758 554 2815 autem
576 2757 763 2816 frumentum
786 2755 953 2832 suscipiant
975 2759 1006 2814 et
1029 2754 1159 2814 navibus

141 2855 309 2932 imponant,
332 2854 460 2930 indeque
479 2855 543 2913 Deo
567 2853 641 2914 duce
666 2853 705 2913 ad
726 2854 804 2914 hanc
823 2854 934 2913 almam
952 2853 1058 2912 urbem
1076 2852 1159 2912 navi-

141 2956 223 3032 gent.
271 2951 384 3022 Quodsi
415 2952 602 3010 frumentum
631 2971 667 3010 ex
697 2953 828 3028 utraque
856 2951 996 3029 Aegypto
1024 2970 1084 3011 non
1112 2969 1159 3008 cx·

143 3049 241 3128 egerit
268 3053 299 3109 et
326 3069 393 3110 eam
422 3048 518 3108 felicis
546 3049 681 3108 embolae
704 3051 822 3125 partem
845 3067 922 3124 quse
945 3048 1004 3108 huc
1027 3046 1160 3106 mittitur

141 3147 182 3207 ad
205 3147 476 3208 Alexandrinorum
498 3146 605 3205 urbem
628 3146 782 3222 adportari
805 3148 923 3229 stante
942 3144 1031 3204 finem
1049 3143 1159 3202 mensis

215 3369 262 3438 43)
280 3366 395 3423 Scilicet
410 3366 480 3423 Nili.
501 3366 643 3422 Stationes
662 3369 758 3422 autem
776 3366 893 3422 navium
910 3365 1025 3420 fuerunt
1042 3383 1067 3420 v.
1082 3381 1106 3419 o.
1122 3365 1160 3420 ad

140 3437 335 3508 Hermopolim
368 3437 573 3508 Msrqusrdt
605 3437 783 3494 Stactsverw.
811 3437 838 3492 lI
870 3438 897 3494 S.
924 3442 984 3492 504.
1029 3434 1160 3492 Ceterum

141 3511 233 3566 codex
252 3509 344 3580 ὁρμῶν
364 3509 469 3566 scribit.
542 3512 588 3580 44)
609 3508 676 3566 Cod.
696 3507 745 3572 οἷς.
