2654 3922
593 207 812 271 „16-

252 364 403 454 ’Ἐσταιῖἢ
432 367 463 431 δὲ
486 369 565 456 αὐτῷ
588 367 608 448 ἡ
631 371 710 444 τάξις
733 370 753 449 ἥ
777 393 806 432 τε
829 370 1084 451 αιἰγουσταλιανὴ,
1110 366 1211 456 καίὲθ)

195 465 256 546 μὴν
278 466 329 529 καί
350 464 370 546 ἡ
394 466 533 547 δουκικὴ,
562 465 629 549 άχρι
652 466 756 548 μέντοι
778 466 953 546 ἑξακοσίων,
976 467 1031 548 οὐχ
1053 467 1125 530 ὥστε
1149 470 1214 554 tcta
1309 453 1312 462 Δ

196 562 249 645 μὲν
268 559 432 637 εἶναιτοὺς
452 565 610 638 δουκικοὺς
629 565 691 650 ἰδίμ
711 562 743 626 δὲ
761 565 830 637 τοὺς
849 563 1131 646 αιίμουσταλιανοὺς,
1150 562 1211 628 ἀλλ’

195 662 267 723 ὥστε
285 661 357 740 μίαν
375 660 515 743 γενέσθαι
527 664 610 737 τάξιν
617 656 657 745 ²4)
671 661 721 724 καὶ
736 663 898 743 κατάλογον
912 661 974 742 ἕνα,
993 656 1086 743 οὗπερ
1100 661 1211 745 άνδρες

194 757 298 820 ἑκατὸν
321 759 513 841 πρωτεύουσι,
535 760 719 838 πεντήκοντα
741 757 795 839 μὲν
819 758 865 837 [oi
879 758 1002 840 πρῶτοι]
1025 769 1077 840 τῆς
1100 759 1213 843 αὐμου-

195 861 353 935 σταλιανῆς
380 858 486 930 τάξεως
514 857 698 936 πεντήκοντα
726 854 758 919 δὲ
786 858 818 919 οί
841 866 952 938 πρῶτοι
978 866 1038 918 τῶν
1061 857 1212 920 δουκικῶν

109 945 112 952 ’
195 952 360 1034 ἀμοιβαδὸν
383 953 416 1016 ἐν
435 952 570 1033 ἀλλήλοις
588 948 816 1037 ταττόμενοιῖδ),
835 953 907 1016 ὥστε
925 963 1042 1037 πρῶτον
1061 952 1115 1035 μὲν
1134 949 1214 1017 εἶναι

193 1049 246 1112 τὸν
274 1050 541 1132 αιἰγουσταλιανὸν,
571 1053 708 1134 δεύτερον
731 1049 763 1113 δὲ
785 1050 838 1113 τὸν
862 1052 1021 1131 δουκικὸν,
1048 1051 1099 1113 καὶ
1122 1043 1210 1116 τοῦτο

194 1146 300 1228 ἐφεξῆς
318 1153 592 1230 παραφυλαχθῆναι
609 1149 642 1211 τὸ
662 1159 759 1230 σχῆμα
776 1158 835 1211 τῶν
854 1147 959 1210 ἑκατὸν
977 1157 1037 1210 τῶν
1056 1148 1089 1211 ἕν
1108 1151 1211 1223 αὐτοῖς

194 1246 416 1328 πρωτευόντων,
439 1245 472 1307 τὸ
496 1244 527 1308 δὲ
550 1246 654 1308 λοιπὸν
678 1247 757 1307 άπαν
781 1238 821 1319 ὧς
844 1244 882 1307 tv
906 1243 921 1307 ὁ
945 1245 999 1325 τὴν
1023 1245 1116 1329 ἀρχὴν
1136 1246 1211 1329 ἔχων

196 1343 314 1404 συνίδοι
345 1343 422 1403 οὕτω
454 1351 647 1422 καταστῆναι,
679 1336 766 1425 affl)
799 1341 899 1422 μέντοι
930 1342 1121 1425 ὑπερβαίνειν
1153 1344 1210 1424 τὴν

194 1449 293 1500 πᾶσαν
319 1439 403 1512 τάξιν
429 1437 485 1517 τὴν
514 1437 620 1519 ἀναμίξ
649 1438 682 1500 ίκ
708 1449 820 1501 τετῶν
843 1440 1103 1522 αὐγουσταλιοινῶν
1126 1441 1158 1502 ἔκ
1181 1464 1212 1503 τε

194 1546 253 1599 τῶν
277 1536 425 1599 ὃουκικῶν
449 1535 645 1618 συγκειμένην
667 1535 779 1620 άνὸρας
802 1536 987 1611 ἑξακοσίους·
1009 1540 1130 1601 πάντων
1149 1548 1209 1600 τῶν

194 1633 242 1696 ἐπὶ
269 1635 363 1721 τούτῳ
390 1632 597 1717 πραττομένων
624 1635 667 1708 εἴς
694 1658 724 1697 τε
750 1633 803 1696 τὸν
825 1635 942 1717 θρόνον
962 1636 1015 1698 τὸν
1037 1635 1092 1698 σὸν
1114 1637 1156 1709 εἴς
1179 1659 1210 1698 τε

262 1882 295 1961 [ἓ
318 1887 347 1942 4.
378 1882 538 1960 Officium]
585 1884 717 1944 Habebit
745 1888 848 1942 autem
870 1883 1003 1944 officium
1026 1887 1089 1944 tam
1112 1903 1209 1964 augu-

195 1982 359 2041 stalianum
395 2000 488 2056 quam
519 1981 611 2040 ctiam
642 1981 817 2058 dacianum,
854 1999 950 2058 usque
982 1982 1021 2041 ad
1053 1986 1208 2044 sexcentos

192 2083 303 2157 tamen,
326 2097 386 2137 non
408 2080 445 2135 ut
468 2095 603 2137 seorsum
625 2078 747 2153 quidem
765 2078 887 2137 daciani
905 2079 967 2137 sint
985 2097 1119 2139 seorsum
1136 2099 1207 2142 vero

193 2175 408 2254 augustaliani,
432 2174 484 2234 sed
506 2178 542 2233 ut
564 2194 660 2233 unum
683 2174 815 2235 officium
838 2179 869 2234 et
886 2195 949 2235 una
966 2177 1126 2237 matricula
1144 2176 1208 2257 fiat,

192 2273 225 2330 in
249 2292 309 2350 qua
332 2275 452 2332 centum
474 2272 617 2348 primates
636 2273 705 2351 sint,
729 2271 951 2351 quinquaginta
970 2274 1092 2350 quidem
1111 2294 1207 2353 augu-

194 2370 317 2430 staliani
352 2369 443 2430 officii
480 2367 663 2449 [primates]‚
701 2370 923 2448 quinquaginta
959 2390 1030 2431 vcro
1062 2372 1207 2447 primates

193 2468 322 2546 daciani,
346 2468 519 2528 alternatim
541 2468 670 2529 invicem
693 2468 841 2546 collocati,
864 2470 902 2526 ut
918 2468 1034 2545 primus
1053 2469 1093 2528 sit
1111 2488 1207 2547 augu-

193 2566 354 2644 stalianu5‚
383 2566 530 2626 secundus
557 2584 627 2624 vero
656 2565 816 2643 decianae,
844 2567 875 2623 et
902 2565 945 2624 sic
972 2565 1110 2643 deinceps
1133 2567 1206 2625 haec

192 2662 291 2741 figura
319 2663 494 2722 observetur
520 2662 552 2719 in
579 2664 701 2720 centum
723 2661 893 2721 interillos
916 2662 1110 2742 primatibus,
1138 2664 1206 2723 reli-

193 2780 289 2837 quum
315 2779 385 2820 vero
413 2779 499 2819 omne
527 2759 572 2818 ita
600 2759 804 2818 constituatur
826 2759 1080 2835 quemadmodum
1102 2759 1130 2819 ei
1153 2761 1207 2836 qui

193 2856 484 2916 administrationem
515 2856 607 2915 habet
637 2855 801 2934 videbitur,
833 2858 870 2914 ut
901 2859 1002 2916 tamen
1031 2857 1207 2918 universum

193 2953 325 3015 officium
348 2974 384 3013 ex
407 2954 627 3032 augustalianis
651 2957 682 3013 et
705 2954 841 3015 ducianis
860 2955 1061 3031 compositum
1079 2975 1139 3016 non
1157 2974 1205 3014 ex·

192 3052 280 3114 cedat
310 3051 390 3112 viros
421 3054 586 3112 sexcentos:
619 3051 757 3112 omnibus
786 3071 863 3128 quae
891 3053 970 3113 cinca
993 3053 1049 3114 hoc
1072 3055 1206 3131 aguntur

263 3284 309 3353 aa)
327 3282 394 3340 cod.
418 3278 483 3338 ἐστι.
574 3285 620 3353 aa)
640 3282 706 3338 eod.
730 3283 787 3337 vat.
877 3284 924 3354 τι)
941 3282 973 3337 In
991 3283 1063 3340 Nov.
1083 3281 1206 3338 CLXXII

192 3353 255 3424 (Ed.
276 3357 320 3424 11)
344 3370 416 3410 anno
439 3361 491 3411 559
516 3370 606 3409 sermo
629 3356 674 3408 est
696 3354 732 3408 de
755 3355 908 3424 Augustali
931 3356 961 3410 et
977 3362 1033 3408 τῶν
1050 3355 1090 3409 ὑπ
1109 3373 1205 3423 μετου-

191 3422 283 3494 μὲνων
305 3425 425 3496 τάξεων,
448 3426 531 3496 quasi
554 3425 648 3483 officia
665 3427 727 3479 tum
744 3424 881 3494 temporis
898 3425 1025 3480 nondum
1045 3441 1096 3480 coa
1117 3426 1205 3479 unata

191 3494 318 3552 fuissent.
391 3501 437 3568 25)
456 3497 522 3553 eod.
541 3493 725 3567 ταττομένων.
799 3501 845 3565 ⁶26)
864 3495 930 3551 cod.
950 3493 1047 3566 μηδέν,
