2654 3922
538 197 758 262 ...25-

143 376 247 421 σονται
270 369 328 420 τῶν
351 361 465 422 πόλεων
487 359 619 422 καὶτῶν
641 359 740 422 τόπων
762 357 894 420 καὶτῶν
915 358 1082 440 προσώπων
1100 368 1160 420 τῶν

143 454 359 537 ἀφωρισμένων
382 456 415 518 ἔτι
432 480 463 518 τε
480 467 533 537 τῆς
549 451 763 537 Ἀλεξανδρέων
782 454 832 518 καί
849 454 985 537 ἑκατέρας
1002 456 1159 537 Αἰγύπτου

145 559 186 638 τῷ
205 552 351 640 ἀποδέκτη
369 563 429 616 τῶν
447 556 577 633 ναόίων,
597 551 706 634 ὁμοίως
724 552 775 615 καί
793 552 952 616 αὐτοῦτοῦ
967 561 1025 615 τῶν
1038 553 1158 615 ναόλων

141 649 306 713 ἀποδέκτου
333 650 389 730 τὴν
418 653 558 731 τοιαύτην
586 652 739 732 εἴσπραξιν
768 649 966 730 ποιουμένου,
996 646 1047 730 ἐφ’
1076 637 1100 735 ᾧ
1128 673 1159 712 τε

140 747 240 834 οἰκείῳ
262 748 470 835 κινδύνῳτόν
491 771 522 810 τε
545 748 761 830 αἰηουστάλιον
783 746 824 822 ὡς
846 749 959 829 εἴρηται
980 747 1036 826 τήν
1056 769 1086 810 τε
1104 747 1157 811 αό-

142 854 196 906 τοῦ
224 845 307 919 τάξιν
334 855 426 908 ταῦτα
453 844 587 908 ἀπαιτεῖν
614 845 675 926 ἅμα
701 849 742 930 τῷ
770 843 916 924 ἀποδέκτη
944 854 1003 906 τῶν
1030 845 1158 907 ναόίων.

139 941 191 1002 ιιαί
222 941 302 1026 αὐτῷ
334 943 477 1016 κίνδυνος
509 941 613 1022 ἐπέστη
641 952 693 1023 τῆς
721 943 834 1005 τούτων
861 943 1052 1023 εἰσπράξεως,
1085 942 1158 1004 ὥστε

143 1036 300 1118 ἀμέμπτως
326 1040 377 1102 καί
399 1039 534 1102 ἀπαιτεῖν
557 1040 590 1102 τό
612 1041 736 1122 χρυσίον
757 1039 808 1102 καί
830 1038 997 1103 ἐπιδιδόναι
1019 1049 1054 1125 τῇ
1077 1041 1157 1122 εἰρη-

143 1134 218 1222 μένη
251 1138 333 1222 χρείᾳ
362 1137 414 1200 καί
446 1137 595 1218 διανέμειν
626 1143 688 1211 τοῖς
714 1137 894 1219 ναυκλήροις
920 1137 994 1199 κατά
1021 1137 1053 1198 τὸ
1077 1136 1159 1220 μέχρι

142 1228 245 1317 1¹va)
272 1234 460 1315 εἰθισμένον,
492 1237 697 1308 συνανόοντος
723 1234 774 1297 καί
801 1235 1088 1317 σνγιιινδυνεόοντος
1114 1241 1156 1320 τῷ

140 1329 220 1416 αὐτῷ
247 1330 394 1419 ἀποδέκτη
421 1342 480 1394 τῶν
506 1335 626 1397 ναόίων
648 1332 723 1414 πρός
746 1333 863 1394 ἀπαντα
885 1342 938 1395 τοῦ
961 1331 1157 1415 περιβλέπων

141 1428 357 1509 αἰιμουσταλίου
383 1440 436 1509 τῆς
458 1452 488 1491 τε
510 1429 694 1510 πειθομένης
716 1429 796 1515 αὐτῷ
819 1431 927 1504 τάξεως
948 1429 999 1492 καί
1021 1440 1081 1491 τῶν
1103 1428 1157 1491 ἀν-

141 1527 317 1606 δρειοτάτων
344 1528 498 1609 ταμμάτων
525 1537 585 1589 τῶν
614 1527 648 1590 ἐν
675 1533 737 1601 τοῖς
764 1527 866 1601 τόποις
894 1526 989 1590 όντων
1015 1528 1073 1589 σίιν
1095 1534 1159 1601 τοίς

143 1623 243 1686 αὐτῶν
266 1625 445 1706 τριβοόνοις.
482 1619 530 1687 oie
549 1633 700 1707 προσῆκον
719 1623 751 1686 ἐκ
768 1624 879 1707 τρόπου
897 1623 1009 1697 παντὸς
1027 1623 1079 1686 τὸν
1097 1634 1158 1686 τῶν

142 1722 261 1784 ναόλων
293 1715 587 1805 ἀποπληροῦσθαιῡί)
620 1722 709 1803 λόγον
737 1720 787 1782 καί
815 1721 957 1783 δίδοσθαι
982 1729 1089 1782 τοῦτον
1116 1727 1158 1804 τῷ

142 1816 304 1905 εἀτοδέιιτη,
331 1819 381 1881 nul
404 1818 443 1880 δι’
469 1819 563 1882 αὐτοῦ
585 1818 659 1881 κατὰ
681 1817 734 1880 τόν
757 1817 944 1900 προσήκοντα
966 1817 1016 1879 καί
1038 1839 1158 1898 νενομι-

141 2075 267 2135 urbibus
291 2078 322 2135 ct
344 2077 417 2137 locis
441 2079 472 2136 ct
493 2078 628 2153 personis
648 2077 793 2156 delegatis
812 2077 973 2137 naulorum
991 2077 1158 2153 susceptori

141 2194 177 2233 ex
199 2174 472 2233 Alexandrinorum
494 2175 569 2234 urbe
593 2177 624 2234 et
645 2177 776 2251 utraque
799 2175 952 2254 Aegypto,
977 2174 1069 2234 etiam
1091 2174 1158 2250 ipso

140 2272 301 2330 naulorum
331 2273 503 2347 susceptore
526 2272 617 2330 simul
640 2272 788 2332 eiusmodi
811 2273 997 2332 exactionem
1018 2271 1157 2348 faciente,

140 2369 185 2427 ita
207 2371 244 2426 ut
265 2369 387 2444 proprio
411 2368 545 2444 periculo
569 2372 599 2428 et
617 2368 798 2445 Augustalis
822 2367 901 2427 sicut
924 2369 1039 2427 ‹lictmn
1062 2371 1108 2427 est
1126 2371 1159 2427 et

140 2466 206 2524 eius
234 2464 367 2525 officium
393 2466 467 2525 haec
490 2466 592 2544 exigat
614 2484 677 2524 una
699 2484 769 2524 curn
792 2467 963 2541 susceptore
987 2465 1155 2524 naulorum.

140 2562 235 2622 cuius
258 2562 351 2622 etiam
373 2563 469 2638 ipsius
492 2563 626 2640 periculo
649 2563 723 2622 haec
746 2562 862 2622 exactio
886 2562 956 2639 crit,
983 2564 1020 2620 ut
1042 2561 1157 2637 absque

139 2659 382 2736 interpellatione
406 2679 515 2719 aurum
539 2660 640 2739 exigat
663 2663 694 2719 et
716 2659 882 2719 indictum
900 2678 991 2718 usum
1009 2658 1159 2736 expendat

140 2759 172 2816 et
199 2756 393 2817 naviculariis
417 2757 580 2816 distribuat
603 2757 682 2816 sicut
703 2757 849 2817 hactenus
872 2757 964 2817 moris
986 2757 1060 2815 fuit:
1087 2775 1157 2816 cum

139 2853 206 2930 ipso
238 2855 400 2913 naulorum
433 2856 603 2930 susceptore
635 2856 709 2914 haec
741 2857 902 2933 peragente
930 2856 962 2914 et
988 2854 1157 2931 periculum

141 2951 288 3010 subeunte
311 2952 477 3030 Augustali
500 2955 531 3011 et
554 2951 651 3012 officio
676 2952 757 3028 quod
780 2952 808 3012 ei
830 2955 918 3028 paret
935 2954 966 3011 et
984 2952 1158 3012 fortissimis

140 3048 313 3108 cohortibus
336 3069 390 3125 per
413 3050 479 3109 loca
498 3049 670 3110 constitutis
689 3069 759 3109 cum
777 3049 839 3108 suis
858 3049 995 3108 tribunis.
1030 3047 1159 3125 Oportet

139 3146 220 3205 enim
256 3146 425 3206 omnimodo
463 3147 624 3206 naulorum
660 3147 808 3207 rationem
840 3145 983 3221 compleri
1015 3148 1046 3204 et
1077 3145 1157 3203 tradi

142 3243 322 3322 susceptori,
350 3247 381 3303 et
409 3244 447 3304 ab
474 3245 540 3321 ipso
569 3244 764 3304 conveniente
792 3247 823 3303 et
850 3245 965 3303 statuto
994 3243 1081 3302 modo
1106 3241 1158 3301 ad·

210 3487 256 3552 ⁶4)
276 3483 343 3540 eod.
363 3491 417 3539 νῦν
435 3482 551 3539 omittit.
625 3485 670 3554 55)
689 3483 755 3540 eod.
775 3483 1017 3554 ἀνακληροῦσθαι.
