2654 3922
540 185 759 250 „59-

144 347 332 408 Μενελοιΐτον
368 353 421 425 τῆς
455 345 567 420 πόλεως
604 348 837 428 συντελούμενον
873 342 948 409 καθ’
984 349 1158 427 οἷονδήποτε

143 443 253 524 τρόπον
275 443 305 518 ἐξ
330 441 506 522 ολουδήποιε
528 445 626 506 τίτλον
648 454 708 506 τῶν
731 443 904 524 ἀνηκόντων
927 445 969 518 εἰς
992 445 1045 524 τὴν
1065 443 1158 528 ἀρχὴν

142 550 196 620 τῆς
219 549 273 620 σῆς
295 541 443 622 ὑπεροχῆς
465 541 507 613 εἰς
524 543 632 615 ταύτας
650 535 874 625 προχωρεῖνῃὸ)
898 541 950 615 τδις
969 543 1104 616 δαπάνας
1122 541 1158 616 ἃς

142 636 314 718 ἔμπροσθεν
334 638 502 719 εἰρήκαμεν,
520 638 650 701 τουτέστι
668 639 720 712 τάς
738 661 767 700 τε
784 637 958 721 όοιοτροφδις
976 649 1034 702 τῶν
1053 638 1159 722 άρχόν·

142 758 203 797 των
211 728 263 819 1Ίῖ)
295 735 345 797 καὶ
377 744 435 796 τῶν
463 736 588 816 τάξεων,
618 737 672 810 τάς
700 759 730 798 τε
757 735 963 819 στρατιωτικὰς

969 730 1022 820 ¹⁷⁸)
1051 738 1102 811 τάς
1129 761 1158 799 τε

143 841 203 894 τῶν
230 834 405 913 σολεμνίων·
432 833 552 895 πάντων
580 843 638 895 τῶν
661 835 807 917 προφάσει
830 843 889 895 τῶν
911 836 1158 914 largitionalicdw

141 929 291 1011 εἰσφορῶν
314 930 476 1014 εἰρημένων
498 929 571 1012 ἡμῖν
593 932 626 994 ἐκ
648 932 759 1016 τρόπον
781 933 892 1006 παντὸς
914 935 1112 1015 κραινόντων.

207 1021 327 1107 Ἐπειδὴ
351 1027 383 1090 δὲ
406 1028 456 1090 καλ
478 1031 585 1092 codron
608 1028 754 1111 τνθέμεθα
775 1030 920 1112 πρόνοιαν
943 1041 997 1092 τοῦ
1020 1031 1061 1111 μὴ
1084 1030 1155 1104 τοὺς

142 1121 302 1206 ἡμετέρους
334 1125 488 1205 δπηιιόους
519 1126 612 1189 πολλὰ
644 1127 826 1207 διαστήματα
857 1127 908 1189 καλ
934 1127 990 1207 τὴν
1017 1127 1159 1190 ἐντεῦθεν

141 1223 306 1305 σνντριβὴν
328 1221 488 1304 ὑπομένειν
511 1223 739 1304 ἀδικουμένους,
761 1222 855 1298 άλλως
873 1247 903 1286 τε
910 1217 962 1308 ¹⁷⁹)
987 1223 1086 1286 διὰτὸ
1105 1222 1157 1285 τὸν

142 1320 313 1401 Μαρεώτην
339 1320 390 1383 καλ
417 1322 533 1403 γείτονα
559 1315 635 1382 εἶναι
662 1331 716 1402 τῆς
740 1317 968 1405 Ἀλεξανδρέων,
995 1321 1048 1382 καί
1076 1343 1158 1394 τινας

141 1426 203 1478 τῶν
226 1415 318 1480 ἐκεῖσε
340 1417 541 1500 ταραττόντων
563 1413 866 1499 άμικνονμένουςιθο)
889 1419 932 1492 εἰς
957 1418 1009 1480 τὸν
1027 1417 1158 1498 Μαρεώ-

141 1539 198 1594 repr
240 1514 341 1595 μηκέτι
378 1514 506 1577 δεδιέναι
541 1515 593 1577 τὸν
629 1525 682 1596 τῆς
716 1512 930 1596 Ἀλεξανδρέων
965 1517 1159 1598 περίβλεπτον

140 1611 373 1693 αόνουστάλιον,
407 1614 586 1693 δεσπόζομεν
617 1613 689 1674 ὥστε
716 1613 767 1674 τὸν
794 1613 868 1674 κατὰ
895 1613 1000 1694 καιρὸν
1029 1612 1157 1693 λαμπρό-

141 1862 323 1920 quocunque
341 1845 429 1904 modo
449 1863 484 1903 ex
503 1862 683 1920 quocunque
702 1844 794 1903 titulo
811 1844 850 1902 ad
864 1840 1155 1902 administrationem

141 1945 215 1999 tuae
243 1941 436 2000 excellentiae
463 1941 664 2016 pertinentem
687 1941 726 2000 ad
747 1942 802 2000 has
824 1941 974 2016 impensas
997 1939 1155 2016 procedere

142 2057 220 2115 quas
252 2057 344 2114 supra
371 2037 514 2117 diximuS,
546 2038 577 2097 id
606 2041 653 2098 est
681 2039 719 2097 ad
745 2038 861 2098 victum
882 2038 1104 2114 praefectorum
1126 2039 1158 2095 et

143 2136 318 2215 officiorum,
332 2139 369 2212 et
386 2125 532 2195 militares
552 2138 690 2212 sumptus
705 2139 736 2194 et
750 2135 931 2196 solennium:
950 2133 1065 2194 cunctis
1080 2153 1157 2216 quae

143 2233 298 2295 occasione
328 2228 569 2312 largitionalium
597 2233 793 2292 collationum
821 2251 839 2290 a
866 2230 951 2292 nobis
979 2231 1060 2291 dicta
1087 2234 1178 2302 sunt,

142 2331 314 2392 omnimodo
338 2329 537 2390 observandis,

212 2427 246 2504 [ἐ
265 2431 294 2488 4.
318 2429 365 2487 De
386 2430 496 2488 νλοανλο
518 2423 644 2500 iudicia]
692 2423 841 2494 Quoniam
868 2444 938 2485 vero
967 2425 1059 2484 etiem
1087 2426 1158 2484 huic

142 2527 187 2586 rei
218 2525 409 2602 providemus
441 2535 478 2584 ne
511 2523 624 2582 subditi
655 2521 752 2582 nostri
778 2521 890 2580 iniuria
918 2522 1017 2582 affecti
1045 2523 1158 2580 multas

142 2623 304 2683 distantias
337 2625 368 2682 et
399 2621 588 2682 vexationem
619 2619 688 2679 inde
720 2619 890 2697 patiantur,
923 2621 955 2677 et
981 2619 1159 2694 praesertim

142 2722 227 2798 quod
243 2722 380 2780 Mareote
402 2719 470 2778 urbi
485 2716 756 2778 Alexandrinorum
778 2717 878 2776 vicina
901 2718 948 2774 est
970 2718 1001 2774 et
1019 2716 1158 2775 nonnulli

142 2819 281 2878 tumultu
303 2818 352 2877 hic
374 2818 455 2877 facto
479 2817 518 2875 od
535 2816 702 2874 Mareotam
723 2813 930 2890 pervenientes
948 2832 1008 2872 non
1027 2813 1158 2889 amplius

141 2917 285 2975 metuunt
317 2914 510 2991 spectabilem
536 2912 738 2991 Augustalem
768 2910 852 2970 urbis
879 2909 1157 2987 Alexandrinorum,

218 3123 280 3187 176)
298 3118 382 3173 Forte
400 3122 580 3187 προσχωρεῖν,
599 3115 643 3169 his
661 3115 795 3184 impensis
818 3113 944 3168 attribui.
1018 3114 1081 3180 177)
1101 3111 1158 3167 sci-

144 3189 214 3244 licet
232 3206 358 3243 annonas
378 3187 457 3241 ducis
476 3189 506 3241 et
523 3185 634 3242 iudicis.
709 3190 770 3254 178)
790 3185 903 3240 Scilicet
921 3183 1060 3249 δαπάνας,
1080 3181 1156 3250 quod

127 3262 219 3316 *force
242 3259 411 3314 addendum.
503 3259 565 3327 179)
589 3257 655 3312 Cod.
679 3253 741 3310 ἀλλ’
766 3255 842 3311 ὥστε.
934 3259 995 3320 180)
1013 3251 1158 3308 Foliorum

145 3333 176 3385 in
189 3333 343 3401 prototypo
353 3329 528 3400 perturbatio
538 3326 640 3395 effecit,
654 3329 687 3381 ut
699 3325 833 3381 librarius
842 3325 889 3380 hic
899 3327 928 3380 et
937 3326 967 3380 in
977 3323 1158 3392 sequentibus

142 3401 326 3458 cohaerentia
345 3418 374 3456 se
395 3402 496 3455 araret.
532 3399 592 3453 Nos
611 3397 762 3467 genuinum
783 3397 909 3452 ordinem
928 3395 1097 3465 deteximus,
1122 3394 1158 3448 de

141 3489 201 3541 quo
219 3472 302 3542 plura
319 3471 351 3526 in
439 3470 555 3526 tatione.
