2654 3922
565 159 783 222 --44-

170 323 233 390 ταῖς
260 321 397 380 πλωΐσεσι
424 328 477 398 τῆς
501 320 598 392 αἰσίοις
620 319 748 400 ἐμβολῆς
771 317 959 398 ποιουμένων
967 312 1032 401 ¹¹⁸),
1056 318 1127 380 όιλλδι
1152 317 1185 380 τὸ

170 424 290 495 πρᾶγμα
324 422 465 498 καθαρῶς
500 417 687 498 πραττόντων
721 416 770 478 καί
802 414 876 498 ὑπὲρ
909 426 961 497 τῆς
993 426 1045 478 τοῦ
1077 425 1184 478 κοινοῦ

170 513 330 592 φροντίδος
362 536 391 574 τε
422 513 472 575 καί
503 515 693 593 λυσιτελείας,
725 514 846 575 εἰδότων
872 513 905 575 τὸ
933 523 985 575 τοῦ
1013 514 1186 595 πράγματος

170 607 380 690 ἀπαραίτητον,
402 610 453 672 ιιαλ
473 612 689 693 γινωσκόντων,
712 610 752 684 ὡς
774 611 832 673 ὑπὸ
851 609 906 689 την
924 611 1048 692 ἐσχάτην
1067 609 1187 671 ἐσονται

172 707 329 788 τιμωρίαν,
352 708 388 770 ccl
412 707 507 786 μόνον
530 710 605 771 εἴτι
626 709 871 791 κακονργήσειαν,
894 707 965 769 ἀλλὰ
988 706 1045 769 ιιδλν
1068 707 1099 768 εί
1116 731 1186 769 τινα

170 804 322 884 περίνοιαν
344 805 411 888 περί
432 805 465 867 τὸ
489 817 608 887 πρᾶγμα
630 807 779 889 πράξειαν.

236 900 366 964 Κάκεῖνο
400 902 431 964 δὲ
463 902 624 985 ἀνενεχθὲν
655 901 728 984 ἡμῖν
760 903 839 985 παρὰ
871 913 924 984 τῆς
954 913 1008 984 σῆς
1036 903 1184 984 ὑπεροχῆς

171 997 233 1058 δεῖν
258 992 402 1082 ᾠήθημεν
425 999 571 1081 ἐγγράψαι
593 1002 667 1086 τῷδε
689 1006 729 1086 τῷ
753 1001 843 1088 νόμηι.
880 1003 961 1063 όίπαν
983 1000 1039 1082 γὰρ
1063 997 1184 1081 ἀνερευ-

170 1093 288 1174 νωμὲνη
314 1093 333 1174 ἡ
363 1096 400 1175 σὴ
427 1096 584 1178 ἐνδοξότης
612 1098 685 1159 ιιατδι
708 1097 763 1177 την
787 1098 945 1179 εἰρημένην
968 1107 1027 1159 τῶν
1047 1091 1183 1172 Ἀλεξαν-

170 1190 263 1273 δρέων
295 1194 397 1274 πόλιν,
434 1188 520 1275 εὗρεν
555 1194 589 1255 ἐν
620 1205 656 1279 τῇ
688 1189 866 1278 nocetam)
898 1195 945 1257 ἐπὶ
977 1203 1036 1255 τῶν
1068 1195 1185 1275 χρόνων

167 1283 358 1352 Ἀναστασίον
385 1300 438 1353 τοῦ
467 1301 519 1371 τῆς
547 1291 687 1372 εὐσεβοῦς
715 1293 838 1372 λήξεως,
864 1290 954 1372 ηνίιια
977 1290 1138 1371 Μαριανὸς
1166 1287 1183 1350 δ

170 1395 222 1464 τῆς
249 1386 373 1461 ἐνδόξου
403 1385 547 1468 [μνήμης]
557 1381 610 1470 ¹²⁰)
637 1384 683 1449 ἐπ’
709 1389 789 1474 αὐτῷ
817 1389 851 1451 τδι
876 1390 1031 1471 πράγματα
1054 1388 1186 1469 ἔπραττε,

169 1494 347 1564 καταστῆναι
379 1485 525 1564 δημοσίαν
556 1486 686 1566 πνιιτην,
718 1491 901 1565 Ποταμῶνος
933 1495 1093 1564 τηνικαῦτα
1124 1495 1185 1546 τῶν

171 1580 321 1659 δημοσίων
339 1592 391 1662 τῆς
407 1576 619 1665 Ἀλεξανδρέων
639 1593 818 1666 προεστῶτος
835 1582 909 1645 κατὰ
928 1583 960 1645 τὸ
978 1593 1031 1644 τοῦ
1049 1583 1184 1662 βίνδιιιος

169 1831 297 1891 naribus
321 1833 538 1892 transvehenda
557 1832 744 1910 facientibus,
768 1832 820 1891 sed
838 1833 994 1910 negotium
1011 1851 1085 1908 pure
1105 1835 1184 1890 trac-

170 1928 306 1986 tantibus
330 1932 360 1987 et
382 1948 436 2004 pro
460 1948 533 1988 cura
551 1932 582 1988 et
599 1929 753 1988 commodo
772 1929 816 1988 rei
834 1930 982 2008 publicae,
1005 1947 1183 2008 cognoscen-

170 2025 251 2083 tibus
279 2025 324 2083 rei
350 2025 572 2102 necessitatem,
601 2028 631 2083 et
658 2025 820 2084 scientibus
848 2027 956 2086 ultimo
980 2026 1127 2103 supplicio
1152 2045 1184 2084 sc

170 2122 233 2182 fore
262 2121 403 2182 obnoxios
432 2141 492 2181 non
520 2123 619 2182 solum
647 2122 673 2180 si
702 2123 776 2198 quid
803 2123 903 2182 dolose
931 2123 1056 2183 fecerint
1078 2124 1129 2182 sed
1153 2127 1185 2182 et

171 2220 196 2278 si
219 2239 312 2295 quam
333 2220 555 2298 neglegentiam
578 2220 657 2280 circa
679 2239 746 2279 eam
768 2240 832 2279 rem
855 2221 1036 2280 admiserint.

239 2315 272 2393 [ξ
298 2320 348 2377 14.
380 2319 536 2392 Ιιιηοιιιεαε
569 2336 603 2378 ιω
634 2319 714 2378 tilulo
738 2321 868 2391 οιιοηογιι·
895 2316 1068 2392 faciendae]
1101 2316 1184 2375 Illud

170 2415 261 2474 etiam
294 2416 375 2491 quod
407 2414 445 2473 ab
477 2414 653 2474 excellentia
685 2417 740 2473 tua
772 2413 860 2473 nobis
886 2415 1017 2473 relatum
1044 2417 1089 2473 est
1112 2414 1185 2473 huic

169 2513 230 2591 legi
252 2513 443 2572 inserendum
466 2531 528 2571 esse
552 2512 700 2570 (luximus.
745 2512 896 2569 Nimirum
919 2512 1015 2589 gloria
1037 2516 1093 2570 tua
1114 2531 1184 2570 cum

169 2611 201 2667 in
229 2611 309 2668 dicta
331 2609 603 2668 Alexandrinorum
630 2608 703 2666 urbe
732 2609 832 2667 omnia
858 2612 1111 2686 perscrutaretur,
1137 2609 1183 2666 in·

169 2708 252 2767 venit
289 2707 321 2764 in
352 2705 481 2783 tablino,
518 2705 703 2781 temporibus
725 2705 881 2765 Anastasii
911 2706 980 2781 piae
1011 2707 1184 2784 memoriae,

170 2803 290 2879 quando
318 2802 472 2861 Marianus
504 2802 652 2881 gloriosae
684 2803 844 2862 memoriae
877 2804 931 2862 sub
964 2803 1029 2878 ipso
1056 2823 1103 2863 res
1131 2804 1184 2862 ad-

169 2899 374 2977 ministrabat,
405 2901 553 2959 exstitisse
585 2899 738 2976 publicam
768 2900 912 2959 tabellam
938 2920 1007 2959 cum
1034 2901 1183 2960 Potamon

168 2996 297 3073 publicis
320 2997 591 3058 Alexandrinorum
617 2997 700 3055 urbis
727 3001 800 3056 tunc
827 2997 953 3057 vindicis
981 2998 1069 3057 modo
1097 3017 1184 3074 prae-

241 3233 303 3298 118)
323 3227 388 3285 Cod.
408 3228 587 3298 ποιούμενον.
619 3227 789 3282 Emendarit
807 3228 958 3298 Agylaeus.
1032 3230 1094 3298 119)
1114 3227 1183 3283 Cod.

168 3305 259 3368 ποκτη
278 3307 320 3368 τῆ.
357 3299 413 3353 Sed
430 3298 593 3354 Potamonis
612 3299 720 3369 πνιιτὴν
739 3299 770 3352 in
788 3297 909 3354 Mariani
926 3305 1017 3370 ποιτῇ
1037 3299 1183 3353 inventam

168 3369 470 3495 pplskipopamiretur?
543 3371 604 3440 lac)
623 3369 720 3426 Malim
740 3374 883 3439 Μαρῖνος,
903 3370 938 3424 de
958 3385 1012 3439 quo
1030 3370 1125 3439 Lydus
1144 3369 1183 3422 ΙΙΙ
