2654 3922
514 194 733 259 -35-

116 354 207 417 αὐτοί
235 378 265 417 τε
297 358 329 418 ol
357 356 431 438 πρὸς
462 355 495 418 τὸ
530 356 673 437 δημόσιον
705 354 969 437 διγνωμονησαντες
997 357 1048 420 καί
1075 359 1131 439 την

117 455 258 533 τοιαύτην
286 448 500 538 evaporet)
528 452 739 536 ἀναμείναντες
764 451 909 534 [άμνναν]
935 454 1077 535 δήμενσίν
1100 481 1131 521 τε

117 549 170 612 καί
193 549 309 632 ἕξορίαν
332 551 549 631 δποστήσονται
571 553 704 632 διηνεκῆ,
726 561 761 637 τῇ
780 554 1061 633 Σεβαστονπολιτῶν
1078 555 1130 617 καί

116 649 325 730 Πιτνοάντων,
347 650 434 731 αἴπερ
456 649 531 712 εἰσίν
553 646 601 712 ἐπ’
621 649 742 731 ἐσχάτου
760 659 813 729 τῆς
831 645 1046 733 [Ἀβασγίαςῧῆ
1064 650 1128 732 καί]

114 755 170 808 τοῦ
193 745 342 821 Εὐξείνου
365 748 487 810 Πόντον
508 747 742 826 κατοικήσοντες.

185 843 248 923 Τὴν
285 842 317 906 δὲ
353 845 448 924 αὐτὴν
478 845 528 908 καί
560 844 668 926 ὁμοίαν
699 845 845 927 φροντίδα
876 851 916 930 τῷ
948 846 1129 935 κεριβλέπτφ

115 940 319 1029 αάγουσταλίφ
350 941 520 1024 ἐπιτίθεμεν
546 942 597 1005 καί
623 944 770 1025 προφάσει
796 952 855 1005 τῶν
882 945 1129 1023 largitionalioobv

115 1039 221 1124 τίτλων
248 1040 299 1102 καί
325 1042 446 1104 πάντων
472 1051 531 1103 τῶν
558 1040 770 1123 προσηκόντων
792 1041 834 1114 εἰς
857 1041 910 1114 τὰς
932 1042 1020 1114 θείας
1041 1039 1127 1122 ἡμῶν

115 1139 316 1220 λαργιτίονας,
343 1137 518 1220 διννομὲνων
545 1135 616 1221 παρ’
641 1139 734 1201 αὐτοῦ
757 1138 808 1200 καί
829 1148 883 1219 της
905 1138 998 1201 αὐτοῦ
1020 1140 1128 1215 τάξεως

115 1235 172 1297 εἴτε
208 1234 283 1298 κατὰ
314 1236 369 1316 την
397 1233 610 1318 Ἀλεξανδρέων
642 1237 737 1316 αὐτὴν
769 1237 823 1298 εἴτε
854 1236 928 1298 κατδι
955 1238 1128 1318 Αηύπτους

115 1331 294 1416 ἀμφοτέρας.
339 1333 388 1396 καί
419 1334 475 1416 γὰρ
506 1336 619 1398 τούτων
651 1333 725 1416 ἡμῖν
756 1332 775 1414 ἡ
810 1327 933 1417 atrtffi)
964 1333 1128 1413 καθέστηκε

116 1430 254 1511 φροντίς,
276 1430 327 1493 καὶ
348 1432 499 1513 προσῆκόν
523 1432 602 1494 ἔστιν
624 1433 715 1495 αὐτόν
738 1455 768 1494 τε
790 1432 839 1494 καί
858 1431 917 1511 την
936 1432 1027 1494 αὐτοῦ
1045 1432 1128 1508 τάξιν

114 1529 248 1616 κινδύνῳ
266 1530 365 1616 οἰκείφ
382 1536 523 1611 προνοεῖν
541 1540 593 1610 τῆς
611 1531 788 1611 εἰσπράξεως
805 1539 864 1592 τῶν
880 1532 1127 1609 largitionalioov

113 1619 267 1709 retnvffl),
289 1627 420 1689 καὶτῶν
443 1628 546 1690 αίτνῶν
568 1626 691 1689 ἁπασῶν
713 1636 772 1688 τῶν
795 1627 836 1700 είς
858 1626 910 1700 τὰς
933 1628 1019 1700 θείας
1041 1625 1128 1706 ἡμῶν

114 1839 170 1916 qui
198 1840 340 1900 adversus
366 1840 521 1917 publicum
544 1839 673 1916 improbi
694 1839 818 1898 fuerunt
840 1843 871 1899 et
893 1840 1040 1900 eiusmodi
1062 1860 1127 1900 exe·

113 1937 267 1997 ontionem
294 1940 554 2016 exspectaverunt,
577 1937 813 2014 publicationem
833 1937 981 1998 bonorum
1004 1957 1038 1997 ao
1060 1957 1126 2014 per·

112 2037 242 2110 potuum
273 2035 397 2094 exilium
428 2035 632 2114 sustinebunt,
669 2035 701 2094 in
733 2035 1064 2111 Sebastopolitanorum
1096 2039 1127 2094 et

112 2132 306 2208 Pityimtium
328 2133 454 2192 urbibus
477 2151 555 2209 quae
579 2134 705 2192 suntin
728 2153 777 2193 ore
800 2133 908 2193 ultimo
927 2133 1077 2210 Abasgiae
1096 2137 1127 2192 et

111 2229 205 2290 Ponti
226 2229 338 2290 Euxini
359 2230 534 2290 habitaturi.

183 2325 216 2403 [ξ
246 2331 296 2388 11.
328 2325 569 2402 taruennam]
624 2327 759 2386 Eandem
795 2346 864 2386 vero
901 2330 932 2385 et
968 2328 1126 2403 aequalem

112 2442 218 2484 euram
249 2424 406 2500 spectabili
428 2424 593 2503 Augustali
620 2423 801 2499 imponimus
829 2423 921 2483 etiam
948 2422 1124 2500 largitiona-

112 2521 190 2580 lium
212 2521 374 2583 titulorum
397 2541 488 2582 eausa
511 2525 542 2582 et
564 2521 699 2582 omnium
722 2539 800 2598 quae
823 2521 862 2578 ad
885 2537 983 2578 seoras
1007 2521 1124 2579 nostras

112 2618 289 2696 largitiones
312 2619 472 2697 pertinent,
496 2637 573 2696 quae
596 2619 634 2678 ab
657 2619 723 2694 ipso
747 2616 905 2694 officioque
928 2616 993 2675 eius
1012 2616 1124 2676 sivein

111 2717 180 2792 ipsa
197 2717 469 2777 Alexandrinorum
490 2715 564 2776 urbe
588 2716 650 2776 sive
673 2717 705 2775 in
726 2718 858 2791 utraque
875 2715 1016 2792 Aegypto
1038 2733 1125 2790 erpe-

112 2813 223 2873 dienda
255 2815 333 2873 eunt.
387 2813 469 2873 Haeo
501 2812 581 2873 enim
613 2813 699 2872 nobie
731 2831 825 2888 aeque
858 2831 946 2871 curae
978 2814 1061 2889 sunt,
1094 2814 1125 2872 et

111 2913 233 2986 oportet
255 2930 325 2971 eum
347 2910 471 2987 eiusque
495 2909 627 2970 officium
649 2909 770 2986 proprio
793 2909 926 2985 periculo
949 2927 1053 2970 curare
1076 2929 1124 2968 ex·

111 3007 262 3068 actionem
284 3007 524 3086 largitionalium
546 3007 742 3086 vectigalium
764 3009 795 3066 et
812 3006 947 3066 omnium
965 3025 1125 3068 causarum

184 3204 231 3272 84)
248 3203 392 3285 Agplaeue
415 3201 576 3258 emendavit
597 3199 738 3271 ἀνάγκην,
762 3217 815 3270 ego
837 3216 904 3256 vero
923 3201 990 3268 poet
1007 3197 1124 3268 ἀναμεί-

109 3291 212 3336 ναντες
242 3276 338 3344 potrus
370 3273 482 3344 άμυναν
514 3271 560 3327 vel
591 3272 744 3340 ἀπαίτησιν
776 3270 959 3342 supplendum
993 3269 1122 3324 arbitror.

109 3346 157 3413 86)
176 3343 209 3397 ln
227 3343 323 3399 eodioe
341 3343 399 3398 iam
417 3342 530 3398 circiter
549 3349 582 3397 10
600 3341 692 3397 lineae
711 3341 741 3397 in
756 3341 821 3397 albo
834 3340 952 3396 relictae
966 3341 1039 3395 eunt.
1067 3342 1122 3395 Ne-

109 3431 166 3482 que
181 3416 277 3470 tamen
290 3415 369 3470 locus
384 3418 428 3470 eet
436 3413 564 3484 longiore
574 3413 779 3483 supplemento,
792 3411 878 3467 immo
887 3411 974 3466 verbo
981 3407 1124 3484 Ἀβασγίας

109 3485 216 3540 lacuna
234 3485 306 3540 satie
326 3486 461 3557 expletur.
520 3488 566 3556 86)
585 3483 651 3539 eod.
671 3482 750 3553 αὕτη.
807 3485 852 3553 θἰ)
871 3481 998 3552 Legerim
1017 3483 1124 3549 τίτλον,

872 3571 910 3626 3*
