2654 3922
512 226 731 290 „53-

115 387 191 468 μένη
221 389 301 464 τάξις
328 387 407 473 αὐτῷ
438 387 490 462 τὰς
519 388 629 462 οἰκείας
657 385 755 462 ἕξουσι
782 388 917 466 σιτήσεις.
962 383 1025 449 ἀλλ’
1054 388 1130 451 ἕπει-

115 486 209 568 δήτιερ
241 486 272 546 εἴ
299 509 342 559 τις
375 485 494 546 δίπασαν
526 487 637 564 ταότην
669 486 868 567 συλλοχίσεται
899 484 954 564 τὴν
982 486 1130 566 δαπάνην,

115 583 173 645 οόκ
203 581 242 644 άν
274 582 423 665 αὐτάρκης
455 583 501 662 εἴη
534 580 553 662 ἡ
586 582 619 644 ἐκ
651 592 710 644 τῶν
742 583 840 645 τόπων
871 592 930 645 τῶν
957 576 1009 644 ὑπ’
1039 583 1131 645 αὐτὸν

114 679 298 762 τεταγμένων
321 679 387 760 ἤτοι
409 691 462 762 τῆς
480 683 608 762 Λιβύων
632 680 770 764 ἐπαρχίας
789 681 953 763 είσκομιδὴ,
977 683 1026 744 διὰ
1044 694 1129 746 τοῦτο

115 777 279 858 ἀναγκαῖον
306 774 451 864 ᾠήθημεν
479 785 657 861 προσθεῖναι
685 778 764 864 αὐτῷ
791 778 842 841 καὶ
868 779 920 841 τὸν
947 781 1131 861 καλούμενον

119 875 287 956 Μαρεώτην
304 876 355 938 καί
372 875 427 955 την
447 878 638 955 Μενελαΐτην
657 877 744 939 πόλιν
762 877 826 956 ἥτις
845 877 962 959 πρώτης
970 871 1022 960 ¹⁵⁰)
1036 879 1131 960 Alya-

115 974 210 1034 πτίων
229 971 367 1055 ἐπαρχίας
384 972 473 1037 ἐστίν.
508 971 579 1036 οὐδὲ
597 973 653 1056 χδιρ
672 971 765 1047 άλλως
780 975 905 1055 ίσχόσειε
918 981 980 1048 τοῖς
994 975 1131 1057 στρατιά-

115 1093 180 1143 ταις
212 1077 274 1144 τοῖς
305 1065 358 1132 ὑπ’
388 1070 479 1133 αὐτὸν
513 1069 696 1152 τεταγμένοις
724 1071 757 1132 ἐκ
783 1081 836 1133 τοῦ
864 1073 1009 1154 δημοσίου
1037 1094 1131 1154 παρα-

116 1168 268 1240 σκευάζειν
287 1173 489 1250 χορηχεῖσθαι,
510 1169 590 1250 εἴπερ
609 1166 753 1250 ἑτέρωθεν
771 1168 806 1229 τά
820 1178 872 1249 τῆς
888 1168 995 1242 δόσεως
1009 1166 1131 1250 ἤρτηται

115 1264 167 1326 καί
199 1260 254 1344 ὑφ’
287 1263 386 1348 ἕτερον
417 1263 545 1348 άρχοντα
576 1267 684 1345 τελείη,
716 1266 766 1328 καὶ
797 1260 959 1348 μυρίαιιω)
990 1266 1131 1328 ἐντεῦθεν

116 1361 331 1441 ἀναστήσονται
362 1364 518 1445 φροντίδες
546 1363 596 1424 καί
622 1363 743 1445 ταραχαὶ
770 1363 802 1426 ίκ
825 1373 877 1444 τῆς
903 1365 1049 1446 διαφορᾶς
1073 1372 1131 1424 τῶν

117 1459 274 1540 ἀρχόντων.
321 1455 383 1521 ἀλλ’
416 1461 506 1533 αὐτὸς
540 1458 593 1541 μὲν
625 1458 707 1542 άρξει
738 1471 796 1522 τῶν
828 1460 991 1544 εἰρημένων
1022 1461 1132 1540 τόπων,

117 1555 207 1629 αὐτὸς
226 1555 258 1618 δὲ
276 1559 408 1643 κινδύνῳ
427 1559 526 1642 οίκείςο
544 1557 595 1618 καὶ
613 1555 632 1636 ἡ
655 1556 819 1639 πειθομένη
834 1551 973 1642 staff)
987 1558 1067 1631 τάξις
1081 1557 1132 1618 καί

118 1652 134 1714 δ
159 1653 306 1727 πολιτικὸς
327 1652 425 1736 άρχων
448 1654 509 1735 δόμα
531 1663 567 1740 τῇ
591 1656 683 1740 οἰκεία
706 1655 783 1729 τάξει
804 1654 854 1715 καί
876 1655 1064 1735 είσπράξουσι
1082 1652 1132 1714 καί

118 1750 297 1813 ε’πιδώσουσι
319 1751 351 1813 τδ
375 1752 579 1834 συναγόμενον
601 1759 663 1825 τοῖς
686 1775 715 1813 τε
734 1751 920 1835 στρατιώταις
937 1750 987 1812 καί
1005 1749 1132 1830 ἑαυτοῖς,

115 2035 212 2077 nonas
243 2018 404 2078 habebunt.
450 2020 562 2080 Verum
595 2019 739 2096 quoniam
766 2019 792 2078 si
819 2019 887 2096 quis
915 2037 1016 2079 omnes
1043 2019 1132 2077 hasce

116 2116 268 2191 impensas
291 2119 446 2192 computet
469 2137 529 2177 non
553 2117 704 2177 sufficiens
727 2118 805 2178 foret
828 2137 863 2176 ex
885 2116 958 2177 locis
982 2116 1040 2192 ipsi
1063 2115 1132 2174 sub-

118 2212 205 2271 iectis
233 2214 294 2272 sive
318 2233 353 2272 ex
375 2213 543 2290 Libyorum
566 2215 706 2290 eparchia
728 2215 839 2292 illatio,
866 2213 976 2273 idcirco
999 2231 1132 2272 necessa·

115 2309 199 2368 rium
226 2329 289 2369 esse
312 2310 452 2370 duximus
475 2310 591 2370 adicere
615 2311 643 2370 ei
666 2313 697 2369 et
721 2311 888 2370 Mareotam
911 2330 1001 2386 quem
1023 2313 1133 2369 vocant

117 2409 150 2466 et
170 2408 365 2467 Menelaitam
386 2408 494 2467 urbem
517 2426 594 2484 quae
618 2411 664 2466 est
681 2407 796 2482 primae
814 2406 948 2483 Aegypti
966 2407 1132 2481 eparchiae.

117 2504 226 2580 Neque
250 2505 328 2564 enim
352 2506 441 2565 aliter
462 2505 560 2581 possit
582 2505 697 2564 efficere
715 2507 753 2563 ut
770 2503 917 2562 militibus
936 2503 991 2562 sub
1010 2523 1045 2562 eo
1064 2522 1132 2562 con-

117 2601 235 2660 stitutis
263 2623 279 2661 e
306 2602 427 2678 publico
451 2621 571 2662 annona
592 2604 775 2680 praestetur,
803 2601 829 2658 si
853 2600 973 2659 aliunde
997 2599 1132 2677 erogatio

116 2699 248 2775 pendeat
270 2703 302 2759 et
325 2700 380 2759 sub
400 2699 459 2760 alio
479 2700 576 2759 iudice
596 2700 718 2761 collatio
736 2698 799 2777 fiat,
823 2701 853 2758 et
871 2698 1044 2757 innumerae
1063 2695 1132 2756 inde

116 2797 292 2856 exoriantur
328 2797 545 2857 sollicitudines
578 2801 608 2856 et
639 2797 791 2856 tumultus
822 2799 946 2872 propter
976 2795 1134 2854 dissidium

115 2893 260 2953 iudicum.
296 2895 410 2953 Verum
432 2895 483 2954 ille
508 2895 629 2970 quidem
651 2894 739 2953 dictis
762 2894 835 2953 locis
857 2893 996 2971 praeerit,
1021 2896 1051 2952 et
1068 2893 1132 2968 ipse

114 2991 239 3067 proprio
261 2992 396 3067 periculo
420 2995 451 3051 et
473 2991 606 3052 officium
629 2992 657 3050 ei
674 3009 783 3067 parens
802 2994 833 3049 et
851 2990 947 3050 civilis
965 2989 1054 3048 iudex
1072 3006 1133 3047 una

117 3107 189 3146 cum
216 3106 270 3148 suo
299 3088 396 3149 officio
425 3089 610 3148 exactionem
637 3087 791 3165 perficient
818 3090 849 3147 et
877 3087 957 3164 quod
979 3085 1134 3163 colligitur

115 3185 267 3244 militibus
290 3189 322 3245 et
344 3186 400 3245 sibi
424 3185 613 3264 distribuent,
636 3189 673 3245 ut
696 3189 727 3245 et
749 3186 887 3261 sumptus
910 3202 1014 3243 eorum
1032 3184 1063 3241 et
1081 3201 1132 3240 an-

194 3436 256 3504 150)
281 3434 348 3492 eod.
376 3435 431 3505 πρὸ
459 3441 514 3503 τῆς.
552 3502 558 3515 ο
596 3435 659 3502 161)
682 3433 748 3488 eod.
777 3433 826 3487 καί
853 3432 950 3514 μυρίαι
977 3429 1021 3512 bis
1043 3427 1132 3502 ponit.

118 3508 184 3576 152)
204 3505 271 3561 Ood.
292 3523 344 3578 σοι,
363 3505 438 3574 quod
456 3522 513 3560 non
531 3503 615 3560 video
634 3503 774 3573 quomodo
793 3503 1024 3573 delend1poss1t.
