2654 3922
581 171 802 236 „12-

252 359 280 414 p.
301 339 344 397 44
367 336 418 396 rin.
444 337 494 394 24.
517 335 554 394 6.
573 333 618 393 vr
639 335 689 396 vo
711 333 799 394 666
821 333 858 395 r.
878 333 974 410 April.

253 446 281 501 p.
297 427 337 485 51
358 425 410 484 lin.
427 425 454 483 7.
470 425 499 484 8.
523 422 624 484 scholi
647 422 786 483 Ambros.
811 425 842 482 61
864 423 956 482 Auth.
980 425 1101 484 secutus
1124 445 1206 502 666-

186 513 276 593 ρίμην
303 546 340 554 -
367 501 467 584 αὐτάς.
505 513 610 574 Recte..

253 622 283 677 p.
298 603 338 662 53
363 602 416 660 lin.
434 603 540 660 1613
564 593 767 678 ἀπαραίτητον
788 593 939 680 ἀνάγκην,
962 597 1063 678 μηκέτι
1084 615 1204 679 προσω-

185 687 257 770 τέρω
280 712 349 770 χωρ.
373 688 475 749 861ιὸ11
498 708 534 749 ex
556 689 694 749 Ambros.
719 690 751 748 61
772 688 866 750 Auth.
902 689 1004 748 Recte.

253 779 304 838 lin.
329 781 371 838 17
395 771 494 855 πάσης
515 773 569 856 τῆς
590 775 671 856 ἱερᾶς
693 777 767 837 coni
792 777 900 838 Schtll.

255 888 284 943 p.
300 869 341 928 55
361 867 412 926 116.
429 870 457 928 7.
473 868 492 927 8
511 867 579 944 lege
599 859 815 942 ἀπολιποῦσαι,
832 869 868 926 61
887 865 988 926 scholi
1008 885 1044 926 ex
1062 865 1203 925 Ambros.

191 956 239 1016 uti
259 955 388 1016 videtur.
656 945 664 962 ’

255 1045 308 1104 116.
332 1045 386 1104 ult.
425 1041 469 1104 of.
492 1043 584 1103 etiarn
607 1061 631 1102 6.
654 1042 729 1102 ΧΠΙ
752 1061 776 1104 6.
801 1045 833 1104 6.

253 1153 283 1210 p.
308 1134 349 1192 56
378 1132 429 1192 116.
452 1134 482 1192 4.
519 1133 577 1191 Pro
607 1125 701 1202 αὐτάς
728 1132 808 1208 quod
836 1131 910 1191 Ven.
937 1133 1075 1206 praestat
1100 1130 1204 1189 malim

189 1214 264 1281 αὐτὸ
282 1223 395 1298 legere,
418 1221 498 1296 quod
516 1219 646 1280 Solonio
665 1222 788 1279 auctore
805 1219 837 1278 in
855 1219 934 1278 Flor.
953 1218 1093 1280 Ambros.
1111 1219 1204 1278 Basil.

187 1309 282 1371 Auth.
306 1312 362 1370 est.
408 1307 528 1368 Scilicet
559 1309 617 1368 nisi
649 1308 694 1366 116
725 1308 823 1384 legas,
857 1326 984 1384 sequens
1017 1311 1123 1387 χωρεῖν
1153 1307 1205 1367 vix

188 1401 294 1475 aptum
316 1399 371 1457 661.

257 1506 285 1562 p.
301 1487 342 1545 57
367 1488 430 1545 not.
446 1487 496 1546 29.
526 1483 697 1562 significari
718 1484 859 1544 videntur
882 1503 958 1561 quae
982 1503 1074 1560 supra
1096 1484 1128 1542 16
1149 1484 1206 1543 hac

189 1575 404 1635 constitutione
428 1572 543 1634 sancita
567 1575 650 1650 sunt,
672 1592 733 1632 non
755 1576 856 1634 autem
879 1592 904 1632 6.
926 1573 1007 1632 XIV.

256 1681 285 1739 p.
311 1663 351 1723 58
375 1665 440 1723 not.
465 1664 516 1722 32.
539 1660 576 1720 In
598 1661 693 1724 Auth.
716 1662 759 1722 sic
782 1664 841 1722 est:
865 1660 1003 1738 „Scripta
1025 1660 1208 1735 exemplaria

188 1751 362 1812 Eufraemio
382 1751 572 1812 sanctissimo
592 1751 813 1828 archiepiscopo
833 1751 1059 1826 Theopolitano.
1088 1748 1207 1824 Scripta

192 1840 374 1916 exemplaria
398 1839 587 1900 sanctissimo
611 1839 749 1915 episcopo
768 1839 1054 1926 Hierosolymorum
1088 1836 1207 1913 Scripta

193 1927 376 2003 exemplaria
397 1927 525 1988 Iohanni
547 1927 612 1986 viro
635 1926 851 2002 gloriosissimo
877 1927 1029 2003 praefecto
1053 1934 1207 1986 sacrorum

188 2015 409 2091 praetoriorum
428 2015 557 2076 secundo
577 2015 728 2075 exconsuli
746 2018 778 2075 61
795 2015 931 2092 patricio.
964 2015 1020 2076 Oui
1039 2016 1132 2075 61166
1148 2014 1206 2073 hoc

188 2104 338 2164 adiectum
367 2105 426 2166 est:
457 2104 499 2163 111
525 2106 579 2163 166
607 2123 725 2180 quoque
753 2104 899 2164 celsitudo
922 2105 995 2164 haec
1022 2105 1118 2164 661666
1146 2121 1208 2162 uua

189 2212 258 2253 666
280 2211 399 2269 semper
422 2192 606 2268 suscepturis
626 2193 727 2251 sedem
745 2197 830 2253 tuam
848 2193 923 2253 haec
942 2211 1064 2252 servare
1081 2191 1207 2268 festinet

190 2284 222 2340 61
245 2281 270 2341 61
295 2280 504 2340 denuntiatum
527 2281 619 2341 tuerit
642 2281 763 2356 aliquod
785 2283 847 2340 1616
871 2280 1014 2340 (16116166
1036 2279 1206 2358 prohibeat,

190 2371 222 2430 61
253 2370 382 2430 maxime
414 2387 608 2446 quaecunque
640 2369 672 2428 in
702 2368 939 2430 ordinationibus
970 2369 1129 2429 curialium
1156 2367 1230 2440 rell

189 2457 362 2519 officialium
385 2458 546 2521 interdicte
569 2461 652 2518 sunt:
678 2459 798 2518 nuntiet
820 2460 923 2517 autem
947 2458 1038 2518 61166
1060 2457 1147 2516 661616
1170 2458 1207 2514 61

188 2546 295 2608 (166666
315 2566 406 2624 super
425 2546 468 2606 eis
487 2547 660 2622 imponatur
673 2546 827 2606 correctio.
852 2544 965 2605 Utatur
983 2565 1102 2622 quoque
1120 2562 1208 2621 prae-

189 2635 282 2713 ceptis
306 2636 345 2695 ad
368 2635 549 2695 clarissimos
571 2634 792 2711 prouinciarum
813 2634 926 2696 iudices
945 2637 980 2694 ut
1002 2637 1033 2694 et
1049 2633 1109 2709 ipsi
1128 2651 1205 2709 quae

187 2723 266 2784 fiunt
293 2722 485 2798 inspicientes
513 2739 572 2781 nou
599 2723 776 2798 permittant
798 2722 911 2800 aliquid
934 2725 1018 2782 extra
1045 2723 1102 2782 hoc
1125 2721 1207 2797 quod

188 2831 207 2872 6
224 2812 311 2874 nobis
330 2810 529 2871 constitutum
547 2813 595 2872 661
612 2810 691 2870 fieri:
709 2811 879 2872 imminebit
898 2811 978 2871 enim
997 2811 1040 2872 eis
1060 2813 1091 2870 et
1108 2827 1207 2885 poena
1324 2859 1325 2888 .

188 2902 320 2978 quinque
351 2899 499 2960 librarum
521 2899 587 2958 auri
615 2899 783 2977 siquidem
808 2902 839 2960 61
860 2900 920 2976 1661
941 2897 1141 2975 praevaricari
1163 2897 1208 2957 vi-
1324 2905 1325 2914 ³

189 2990 294 3050 dentes
318 3006 377 3048 666
406 2987 649 3049 denuntiaverint
672 2991 726 3048 aut
749 2987 814 3048 sedi
835 2991 907 3048 1666
930 2989 984 3046 661
1005 2985 1143 3064 imperio,
1172 2990 1209 3045 ut
1324 3027 1325 3046 .

190 3077 322 3155 undique
350 3075 457 3136 decens
487 3078 610 3136 ornatus
640 3076 836 3137 ordinationis
866 3077 977 3154 gradui
1004 3077 1207 3136 conservetur.
1324 3103 1325 3108 κ

188 3166 307 3242 Scripta
330 3183 398 3226 cum
420 3165 585 3225 adiectione
608 3160 791 3226 Dominico.“

255 3258 316 3315 not.
341 3256 392 3314 35.
428 3253 567 3314 Α61666.
596 3251 713 3334 ἔγραψα
742 3247 905 3326 καλάνδαις
932 3251 1136 3331 ἰανναααρίαις
1165 3252 1209 3310 tv·
1324 3267 1325 3276 ¹

188 3343 343 3494 διίῖτιῶνος
374 3336 394 3402 ι’
426 3339 476 3402 ἐπὶ
506 3344 558 3420 τῆς
590 3334 730 3414 ὑπατείας
762 3339 935 3421 βελισαρίον
964 3361 994 3402 τε
1022 3337 1071 3402 καὶ
1102 3333 1208 3418 εὐτρο-

187 3452 210 3492 π
240 3453 267 3493 c.
