2654 3922
570 185 790 272 „20-

170 352 242 426 τείν,
261 344 330 419 ὅσος
349 343 378 420 ἐξ
392 345 548 427 Αηύπτον
566 344 751 425 καθέστηκεν
769 344 918 426 ἑκατέρας,
937 345 1036 431 οἰκείῳ
1054 348 1191 432 κινδύνῳ

171 443 222 505 καί
248 453 300 523 της
323 442 416 505 αὐτοῦ
439 443 561 522 τάξεως,
590 442 643 505 τὸν
665 440 698 504 δὲ
721 442 921 524 ὑποδέχεσθαι
943 440 1053 516 δπόσος
1076 442 1105 518 ἐξ
1128 442 1191 505 ἑτέ-

174 536 282 624 ρωνω)
315 539 452 619 ἀφίκοιτο
484 540 583 602 τόπων
613 540 664 602 καί
691 535 819 627 αύτῳίέ)
847 542 1034 622 παραδοθείη
1060 539 1135 602 κατδι
1158 541 1193 603 τὸ

176 644 287 718 μᾶλλον
311 636 353 698 ἔτι
376 636 554 719 σαφέστερον
577 637 610 699 έν
631 644 694 711 τοῖς
716 638 824 719 ἐφεξῆς
848 639 1113 719 δηλωθησόμενον,
1141 638 1194 700 καὶ

175 735 313 796 δαπανᾶν
344 736 481 818 καθάπερ
513 737 642 799 είθισιαι
671 736 738 817 περὶ
771 735 803 798 τδ
835 736 982 818 τρόφιμον
1013 745 1067 816 τῆς
1098 735 1194 816 αὐτῆς

175 833 297 912 πόλεως,
320 833 392 895 ὥστε
415 833 447 896 τδ
470 832 613 913 όφθονον
636 833 731 913 αὐτὴν
750 835 889 915 βουλήσει
907 840 983 897 θεοῦ
1002 833 1052 896 διδι
1069 835 1194 896 πάντων

175 928 263 1011 ἔχειν·
292 931 587 1013 σνηκινδννενόντοον
613 938 654 1016 τῷ
682 931 762 1018 αὐτῷ
785 930 965 1018 περιβλέπτῳ
988 931 1193 1016 αύγονσταλίῳ
1314 926 1315 972 3

175 1027 247 1090 ὅσον
279 1030 322 1102 είς
355 1028 410 1108 τὴν
442 1022 641 1113 είσπραξινη)
673 1028 725 1090 καί
753 1039 812 1091 τῶν
840 1038 1022 1110 στρατιωτῶν
1048 1038 1108 1090 τῶν
1135 1023 1190 1090 ὑπ’

175 1125 267 1188 αότδν
303 1125 484 1208 τεταγμένων
519 1125 569 1188 καί
604 1135 665 1188 τῶν
700 1127 911 1209 λαμπροτάτων
941 1127 1110 1209 τριβούνων
1141 1125 1195 1187 καὶ

174 1223 272 1303 πόσης
300 1229 452 1303 πολιτικῆς
478 1223 529 1286 καὶ
556 1224 702 1304 δημοσίου
725 1225 887 1305 βοηθείας,
914 1223 986 1285 ὥστε
1003 1223 1193 1304 πανταχόθεν

175 1319 390 1401 ἀνεμπόδιστον
417 1319 449 1382 τδ
476 1331 596 1403 πρᾶγμα
621 1322 768 1403 γίνεσθαι.
814 1321 866 1383 τὸν
896 1317 928 1382 δέ
956 1319 989 1383 έκ
1011 1330 1070 1383 τῶν
1092 1321 1193 1384 τόπων

175 1425 233 1478 τῶν
261 1416 302 1496 μὴ
330 1412 384 1479 ὑπ’
413 1417 505 1480 αὐτόν
533 1416 629 1480 όντων
655 1418 884 1499 ἐκκομιζόμενον
911 1420 1090 1499 θεσπίζομεν
1117 1417 1193 1480 κατὰ

176 1522 318 1575 τοσοῦτον
345 1513 463 1596 έπύμειν
490 1515 569 1600 αύτῷ
591 1515 644 1578 τδν
666 1517 827 1596 κίνδννον,
854 1515 942 1595 ὥστε,
965 1514 1085 1578 έπειδδιν
1107 1514 1194 1578 έκκο-

175 1612 311 1693 μισθείη,
339 1611 430 1676 αύτόν
453 1636 482 1676 τε
505 1612 701 1695 ὑποδέχεσθαι
725 1614 823 1693 ποίσης
848 1614 1011 1694 μελλήσεως
1028 1613 1116 1694 χωρίς
1139 1613 1190 1675 καί

173 1707 228 1788 την
246 1708 429 1790 πειθομένην
448 1711 526 1799 αότῳ
545 1705 664 1794 τύξιν*)
689 1711 788 1798 οἰκείῳ
806 1711 940 1797 κινδύνῳ
963 1713 1098 1784 πλωΐζειν
1116 1710 1192 1792 πρὸς

175 1903 244 1963 urbi
275 1906 379 1984 largiti
412 1925 528 1986 sumus,
561 1910 628 1967 tum
655 1909 805 1984 quantum
833 1927 869 1966 ex
895 1909 1035 1984 utraq'u'e'
1051 1908 1193 1986 Aegypto
1270 1883 1273 1887 ’

177 2001 316 2061 consistit
337 2003 458 2079 proprio
483 2008 514 2063 et
536 2005 627 2065 officii
651 2005 698 2064 sui
720 2003 854 2082 periculo
879 2004 987 2084 exigat,
1010 2007 1078 2063 tum
1100 2005 1194 2064 susci·

175 2097 241 2174 piat
265 2102 414 2174 quantum
437 2120 473 2159 ex
496 2101 564 2160 aliis
586 2101 659 2161 locis
684 2102 839 2162 advenerit
861 2105 892 2161 et
910 2101 968 2178 ipsi
987 2101 1134 2161 traditum
1153 2103 1194 2161 sit
1315 2125 1316 2136 ¹

176 2195 341 2255 secundum
374 2197 454 2272 quod
486 2197 517 2257 in
545 2199 740 2275 sequentibus
769 2199 903 2276 apertius
931 2199 1193 2278 demonstrabitur,

177 2294 269 2368 atque
293 2297 396 2372 eroget
418 2295 508 2356 solito
531 2317 613 2358 more
636 2297 668 2354 in
692 2296 825 2356 eiusdem
849 2296 932 2356 urbis
951 2297 1133 2375 alimoniam,
1157 2299 1193 2356 ut

177 2389 241 2449 Deo
273 2391 392 2452 volente
425 2413 479 2470 per
511 2395 612 2456 omnia
643 2395 831 2454 abundantia
860 2395 993 2454 fruatur:
1025 2394 1195 2470 periculum

178 2487 375 2548 subeuntibus
404 2510 473 2551 oum
500 2493 566 2569 ipso
594 2491 751 2568 spectabili
774 2491 951 2570 Augustali,
984 2494 1133 2568 quantum
1156 2492 1195 2551 ad

178 2586 363 2645 exactionem
390 2588 535 2667 pertinet,
563 2592 631 2647 tum
656 2588 805 2647 militibus
830 2588 885 2648 sub
909 2609 943 2649 eo
967 2588 1140 2649 constitutis
1163 2592 1195 2648 et

178 2682 352 2742 clarissimis
375 2683 505 2742 tribunis
528 2687 559 2744 et
580 2685 721 2746 universo
745 2685 827 2746 civili
846 2689 877 2745 et
894 2686 1015 2763 publico
1034 2685 1194 2764 adiutorio,

177 2782 214 2838 ut
245 2778 444 2855 undecunque
474 2799 521 2840 res
549 2783 695 2860 expedite·
712 2783 863 2859 procedat.
915 2782 1001 2854 Quod
1029 2785 1131 2843 autem
1158 2804 1195 2844 ex

178 2874 252 2935 locis
276 2874 331 2934 sub
355 2875 420 2935 eius
439 2877 633 2955 dispositione
651 2900 712 2940 non
731 2880 904 2941 constitutis
923 2880 1110 2958 adportatur,
1129 2881 1195 2939 eius

178 2973 210 3032 in
233 2973 355 3031 tantum
377 2974 545 3049 periculum
568 2996 637 3036 eum
660 2976 760 3036 subire
784 2977 947 3055 sancimuS,
975 2980 1012 3036 ut
1033 2980 1195 3054 postquam

179 3072 373 3148 adportatum
401 3071 441 3130 sit
468 3072 532 3149 ipse
557 3074 669 3150 absque
692 3075 758 3133 ulla
781 3075 972 3134 cunctatione
992 3070 1026 3133 'id
1049 3075 1195 3152 suscipiat

178 3172 209 3228 et
227 3169 360 3229 officium
379 3169 460 3246 quod
478 3170 537 3246 ipsi
554 3174 642 3248 paret
656 3170 714 3247 [et]
733 3171 855 3249 proprio
874 3171 1008 3249 periculo
1022 3172 1150 3233 navibus
1164 3173 1196 3234 id

250 3329 295 3396 40)
314 3328 380 3383 eod.
400 3323 548 3399 ἑκατέρων.
625 3334 670 3401 λλ)
689 3331 757 3386 eod.
776 3329 857 3386 αδτοί.
931 3334 978 3402 42)
996 3330 1063 3386 uod.
1081 3333 1194 3401 πρᾶξιν.

181 3396 236 3451 Sed
260 3413 350 3452 sermo
375 3401 425 3467 est,
449 3403 482 3455 ut
504 3417 539 3454 ex
557 3401 743 3470 sequentibus
761 3403 892 3471 apparet,
918 3402 953 3456 de
975 3402 1121 3458 exactione
1138 3403 1195 3458 frn-

179 3466 270 3519 mcnti
288 3483 322 3521 ex
340 3471 460 3537 utraque
478 3469 617 3541 Aegypto.
660 3473 688 3542 *)
705 3471 786 3527 Adde
806 3472 863 3539 καί,
883 3476 998 3542 propter
1015 3473 1195 3543 ποιούμενον.
