2654 3922
608 195 828 259 ..30-

214 355 281 419 οότε
302 357 358 440 γάρ
383 357 505 439 δίδομεν
528 357 567 435 δή
585 381 654 420 ποτε
672 367 748 438 γοῦν
767 351 936 441 αἰσυλίαςω)
959 339 1056 438 λόγον
1066 357 1133 419 τινὰ
1152 358 1232 440 παρὰ

215 464 305 516 ταῦτα
323 455 458 538 παρέχειν
480 453 560 534 [odra
579 453 754 537 λαμβάνειν]
773 461 836 527 τοῖς
854 455 1023 537 προσώποις
1041 461 1104 528 τοῖς
1122 453 1230 540 ἑκάστη

214 551 432 635 ἀφωρισμένοις
455 553 534 638 αἰτίᾳ
556 562 776 635 συγχωροῦμεν,
798 552 877 632 πλὴν
896 552 980 632 εἰμὴ
1000 551 1048 613 ἐπί
1065 554 1161 638 τούτῳ
1180 551 1231 614 τὸν

213 649 302 730 λόγον
320 650 449 730 λάβοιεν,
474 645 523 729 ἐφ’
540 638 594 735 ᾧτε
613 651 741 735 δημοσία
759 651 933 730 φαίνεσθαι,
955 649 1006 712 καί
1024 650 1143 723 πάντως
1163 651 1232 712 εἴσω

214 747 312 828 ῥητῶν
334 744 452 829 ἡμερῶν
474 757 535 808 πᾶν
558 748 630 810 ὅσον
653 745 806 825 ὀφείλουσι
829 746 861 809 τὸ
881 746 1026 827 δημόσιον
1044 745 1233 827 ἐκπληρῶσαι

214 842 312 925 dedo
334 843 510 927 ἀποχρῶσαν
537 851 598 918 τοῖς
623 850 811 926 τρακτευταῖς
833 842 853 924 ἢ
876 845 1071 927 σκρινιαρίοις
1095 843 1233 926 παρέχειν

214 940 391 1022 ἀσφάλειαν·
414 943 487 1025 πρὸς
509 936 596 1027 apd)
614 942 667 1003 τὸν
684 941 765 1024 παρὰ
783 951 875 1002 ταῦτα
893 941 1036 1021 εἰληφότα
1054 941 1143 1023 λόγον
1162 936 1231 1022 παρ’

215 1040 392 1119 οἰονόήποτε
428 1041 589 1122 προσώπου
626 1033 692 1101 ἰσον
728 1045 790 1112 τοῖς
827 1038 883 1100 οάκ
919 1032 1232 1119 άπολαμβάνουσινῃ)

215 1132 304 1218 εἰναι,
332 1138 381 1200 καί
408 1135 569 1219 ’ὑπομένειν
595 1137 651 1216 τὴν
679 1137 831 1217 εἴσπραξιν
856 1135 908 1198 καί
934 1134 1024 1198 ἔνδον
1051 1145 1111 1197 τῶν
1138 1135 1234 1218 ἁγίων

214 1237 387 1318 περιβόλων.
433 1236 460 1297 εἰ
486 1233 519 1296 δὲ
546 1232 562 1296 ὁ
588 1233 817 1312 θεοφιλέστατος
845 1231 1070 1315 άρχιεπίσκοπος
1092 1233 1174 1314 παρὰ
1197 1233 1234 1294 τὰ

216 1333 356 1415 εἰρημένα
392 1333 460 1412 δοίη
494 1331 597 1413 λόγον,
633 1329 768 1412 ἀνάγκην
800 1329 918 1404 ἕξουσιν
949 1331 981 1391 οἰ
1009 1329 1234 1409 θεοφιλέστατον

216 1431 368 1510 οἰκονόμοι
399 1429 450 1491 καί
481 1430 513 1491 οἰ
541 1426 773 1508 έκκλησιέκδικοι
805 1438 857 1507 τῆς
884 1426 1048 1509 ἁγιωτάτης
1075 1426 1233 1507 ἐκκλησίας

215 1526 270 1606 τὴν
297 1526 438 1590 ἐντεῦθεν
465 1527 689 1607 συμβαίνουσαν
717 1531 757 1610 τῷ
781 1525 914 1611 δημοσίῳ
937 1525 1047 1604 ζημίαν
1069 1523 1233 1606 ἕπηνῶναι

217 1625 340 1688 οἴκοθεν
371 1623 421 1686 καί
454 1623 487 1686 ἐκ
518 1633 571 1704 τῆς
603 1624 681 1697 ἰδίας
708 1623 807 1685 αὑτῶν
834 1621 1031 1695 ὑποστάσεως.
1076 1622 1104 1683 εἰ
1129 1620 1162 1683 δὲ
1191 1622 1233 1702 μὴ

215 1893 321 1968 Neque
345 1891 425 1950 enim
448 1891 590 1967 cuiquam
613 1890 720 1949 damus
742 1891 779 1947 ut
801 1891 921 1965 praeter
943 1888 1018 1948 haec
1041 1888 1119 1964 asyli
1142 1885 1235 1968 λόγον

214 1990 355 2066 praestet,
374 2007 428 2048 nec
446 1987 580 2063 personis
599 1987 694 2047 cuivis
714 2005 821 2046 causae
840 1985 986 2065 delegatis
1005 1983 1093 2065 λόγον
1112 2004 1234 2046 sumere

215 2085 412 2163 concedimus,
435 2084 494 2142 nisi
517 2084 555 2142 ad
577 2084 633 2144 hoc
657 2083 806 2159 accipiant
828 2086 864 2141 ut
882 2083 914 2141 in
932 2083 1054 2159 publico
1072 2087 1235 2143 versentur

213 2185 246 2254 et
273 2182 393 2242 omnino
421 2182 502 2240 intra
530 2184 625 2240 certos
653 2181 715 2239 dies
743 2183 843 2240 totum
871 2181 953 2256 quod
976 2180 1085 2239 debent
1106 2181 1234 2256 publico

216 2280 372 2340 exsolvant
399 2281 454 2339 aut
477 2278 676 2339 sufficientem
698 2277 912 2337 tractatoribus
936 2277 1135 2337 scriniariisve
1159 2297 1233 2338 cau-

214 2376 327 2438 tionem
350 2380 511 2455 praestent.
548 2378 596 2436 Ad
618 2376 674 2436 hoc
699 2376 752 2451 qui
774 2377 893 2450 praeter
914 2374 988 2434 haec
1011 2371 1099 2454 λόγον
1118 2394 1136 2434 a
1155 2395 1232 2451 qua-

214 2495 333 2553 cunque
360 2494 488 2553 persona
515 2474 663 2550 acceperit
690 2472 825 2549 aequalis
855 2471 894 2529 sit
922 2471 1042 2548 eisqui
1064 2492 1124 2533 non
1148 2492 1232 2533 acce·

213 2578 332 2652 pemmt,
356 2577 386 2632 et
409 2574 489 2632 intra
513 2575 617 2630 sancta
639 2571 732 2629 etiam
757 2571 842 2645 septa
867 2570 1053 2629 exactionem
1072 2570 1231 2630 sustineat.

215 2671 248 2729 Si
279 2691 349 2731 vero
377 2670 435 2729 Dei
465 2667 690 2727 amantissimus
724 2666 965 2742 archiepiscopus
996 2670 1116 2742 praeter
1149 2668 1232 2727 dicta

214 2766 302 2846 λόγον
325 2766 448 2845 dederit,
471 2765 637 2824 necessario
655 2765 713 2823 Dei
736 2764 935 2823 amantissimi
958 2764 1112 2823 oeconomi
1130 2767 1162 2823 et
1180 2765 1232 2824 de·

210 2865 347 2938 ,fensores
371 2863 575 2923 sanctissimae
599 2862 740 2922 ecclesiae
763 2863 906 2921 damnum
929 2861 999 2920 hinc
1022 2861 1143 2936 publico
1162 2862 1231 2920 illa·

214 2965 282 3020 tum
309 2961 344 3021 de
375 2979 429 3021 suo
457 2962 488 3020 et
510 2961 546 3020 de
569 2960 691 3037 propria
716 2959 886 3018 substantia
908 2959 1081 3018 restituent:
1110 2959 1230 3019 sivero

208 3239 214 3252 .
286 3202 332 3270 69)
352 3199 417 3257 God.
437 3199 537 3263 αἰτίας.
566 3199 621 3254 Sed
639 3198 714 3253 infra
731 3199 807 3252 recte
825 3197 949 3260 ἀσυλίας.
978 3195 1056 3262 Quae
1070 3213 1135 3252 mox
1148 3198 1229 3252 uncis

214 3272 317 3327 inclusi
341 3272 498 3343 supplenda
521 3272 601 3325 erant
618 3272 680 3325 tum
697 3269 813 3339 propter
831 3267 895 3323 οότε
914 3267 989 3337 quod
1007 3267 1154 3339 praecedit
1166 3269 1229 3322 tum

213 3347 246 3398 ut
263 3344 369 3399 habeat
385 3351 580 3413 συγχωροῦμεν
594 3357 649 3410 quo
663 3341 809 3394 referatur.
864 3345 910 3407 70)
924 3337 989 3394 eod.
1004 3338 1043 3395 τό.
1100 3341 1145 3406 ’11)
1160 3339 1228 3394 Cod.

212 3414 319 3483 τρόπον
349 3415 413 3476 ίσως
440 3420 497 3476 τοῖς
524 3413 663 3484 άπολαμβ.
699 3411 732 3465 1d
755 3408 831 3478 quod
854 3425 888 3464 ex
911 3410 955 3464 his
977 3427 1050 3479 quae
1073 3426 1096 3464 c.
1118 3409 1157 3465 IV
1175 3417 1226 3475 §9

213 3484 346 3553 leguntur
365 3483 560 3554 corrigendum
577 3483 640 3538 fuit.
