2654 3922
620 227 839 290 ...40-

222 388 297 470 πρὸς
327 387 432 450 ἑαυτὸν
455 387 505 449 καὶ
528 389 708 469 εἰσπράττειν
731 387 766 448 τὰ
791 387 932 466 δημόσια,
959 386 1008 448 καλ
1032 386 1062 446 εἴ
1080 408 1158 458 τινες
1183 393 1245 445 τῶν

226 484 413 566 κεκτημένων
441 485 489 546 ἐπί
508 480 725 567 Ἀλεξανδρείας
751 483 771 564 ἢ
797 483 830 545 ἐν
852 480 1016 566 Αίγόπτοις
1039 485 1095 546 δύο
1118 482 1246 564 ἑτέρωθι

226 584 358 664 διάγοιεν
375 581 395 662 ἢ
415 583 525 644 οἰκοῖεν
546 581 604 660 [ἐν]
624 582 777 664 ἐπαρχίαις
796 581 850 662 οὐχ
868 574 1132 663 διτοκειμέναιςῙΜ)
1149 580 1243 663 αὐτῷ,

225 681 276 741 καλ
294 681 418 752 τούτους
436 679 633 761 ἐπαναγαγεῖν
652 679 694 752 είς
711 677 751 757 ἣν
770 677 913 740 ἀπέλιπον
931 679 1040 760 χώραν,
1058 678 1129 738 ὥστε
1147 675 1246 756 μηδὲν

224 777 390 858 ἐμπόδισμα
408 784 470 851 τοῖς
485 778 638 856 δημοσίοις
652 775 793 858 γενέσθαι
806 782 867 849 τοῖς
881 774 1076 854 ἐπικειμένοις
1091 774 1181 858 αὐτῷ.
1192 766 1245 854 ¹⁰⁵)

226 874 335 937 ταύτοῦ
358 877 464 938 τούτου
487 872 700 956 πραττομένου,
723 875 750 935 εί
770 874 822 935 καί
842 895 920 946 τινες
942 871 1090 951 ὀφείλοιεν
1114 871 1244 950 δημόσια

227 971 377 1052 ἀνήκοντα
403 977 467 1046 ταῖς
493 969 647 1054 τραπέζαις
673 976 737 1044 ταῖς
766 977 845 1050 σαῖς,
872 970 922 1032 καί
945 971 977 1032 οί
996 967 1169 1052 τρακτενταλ
1193 966 1244 1028 καλ

229 1072 260 1132 oi
293 1070 344 1132 τὸν
381 1069 502 1132 ἐκείνων
538 1073 718 1151 πληροῦντες
753 1068 846 1130 τόπον
881 1067 932 1129 καλ
967 1067 1146 1146 ἐπικείμενοι
1180 1071 1244 1136 ταῖς

227 1168 392 1250 είσπράξεσι
418 1176 471 1246 τῆς
498 1175 618 1247 γενικῆς
644 1166 694 1227 καὶ
721 1167 818 1244 ι’δικης
845 1159 1047 1247 ipsasmet)
1075 1163 1192 1225 τοιοῦτό
1216 1185 1243 1223 τι

228 1267 319 1344 δῆλον
348 1264 426 1348 αὐτῷ
453 1263 678 1341 καταστήσειαν·
706 1262 755 1323 καλ
783 1261 832 1324 ἐπί
860 1264 954 1348 τούτῳ
979 1261 1035 1343 γδιρ
1059 1259 1170 1342 ὁμοίως
1193 1259 1242 1321 καλ

226 1361 371 1441 ἐκπέμψω
402 1360 453 1423 καλ
484 1359 547 1435 άξει
577 1361 715 1439 τούτους,
747 1359 819 1420 ὥστε
850 1359 900 1421 καλ
932 1360 1042 1432 αὐτοὺς
1074 1357 1156 1440 παρὰ
1183 1367 1243 1418 τῶν

228 1468 410 1539 τρακτευτῶν
427 1467 486 1520 τῶν
505 1467 566 1519 σῶν
584 1455 743 1537 ὑπομένειν
761 1456 817 1534 τὴν
833 1457 996 1539 εἴσπραξιν·
1015 1456 1053 1518 οὐ
1067 1453 1244 1535 δυναμένων
1306 1485 1307 1490 ¹

228 1565 287 1618 τῶν
311 1553 491 1634 ὀφειλόντων
513 1554 563 1616 καὶ
585 1553 618 1616 ἐν
636 1552 744 1635 ἑτέροις
763 1552 857 1616 όντων
875 1553 976 1627 τόποις
994 1554 1243 1635 παραγράφεσθαι

232 1654 284 1716 τὸν
308 1654 521 1735 αὐγονστάλιον
542 1651 591 1713 ἐπὶ
613 1661 648 1736 τῇ
668 1661 725 1712 τῶν
749 1651 900 1730 δημοσίων
922 1651 1001 1736 αἰτίγ
1024 1648 1064 1724 ὡς
1087 1649 1128 1730 μη
1151 1650 1243 1732 πρόσ-

228 1775 325 1834 φορον
369 1751 471 1825 αὐτοῖς
508 1749 649 1828 δικαστὴν
681 1754 859 1809 καθεστῶτα.
918 1747 988 1830 όπερ
1024 1747 1075 1810 καί
1105 1747 1154 1809 ἐπλ
1186 1757 1244 1808 τῶν

228 1851 475 1929 largitionalicffrv
499 1846 683 1925 άπαιτήσεων
706 1847 844 1927 γίνεσθαι
866 1845 1045 1926 βουλόμεθα.

229 2028 324 2086 iectae
353 2028 436 2102 sunt,
464 2043 516 2083 eos
539 2025 577 2083 ad
605 2043 635 2083 se
668 2027 785 2084 trahere
809 2027 840 2084 et
861 2024 984 2101 publica
1008 2025 1139 2104 exigere,
1163 2029 1195 2084 et
1218 2025 1243 2084 si

230 2123 284 2199 qui
321 2121 520 2181 Alexandriae
561 2122 610 2180 vel
650 2121 681 2179 in
722 2122 839 2181 duabus
871 2122 1020 2200 Aegyptis
1059 2141 1244 2198 possessores

231 2219 303 2279 alibi
336 2221 448 2298 degant
474 2219 523 2279 vel
549 2219 687 2278 habitent
713 2219 745 2277 in
773 2219 920 2296 eparchiis
947 2220 976 2279 ei
1003 2239 1063 2280 non
1092 2220 1244 2297 subiectis,

228 2318 283 2377 hos
310 2318 450 2378 reducere
473 2318 505 2376 in
527 2317 680 2396 regionem
703 2336 795 2393 quam
818 2317 1026 2394 deseruerim,
1054 2321 1090 2375 ut
1112 2317 1242 2392 publicis

228 2436 305 2493 quae
333 2416 392 2493 ipsi
418 2415 597 2476 incumbunt
624 2415 700 2472 nihil
722 2413 935 2489 impedimento
960 2414 1006 2472 sit.
1054 2413 1140 2483 Quod
1164 2415 1242 2472 idem

227 2515 421 2592 tractabitur,
450 2514 475 2571 si
499 2514 552 2589 qui
574 2512 696 2589 publica
718 2511 828 2570 mensis
851 2512 913 2570 tuis
937 2511 1088 2570 destinata
1106 2511 1243 2583 debeant,

228 2616 258 2671 et
286 2614 465 2671 tractatores
493 2611 582 2685 quive
611 2629 715 2671 eorum
737 2610 838 2669 locum
861 2610 1004 2685 supplent
1027 2610 1058 2667 et
1081 2608 1241 2668 exactioni-

228 2709 285 2767 bus
318 2707 465 2785 generalis
492 2707 541 2766 vel
568 2707 706 2784 specialis
733 2725 852 2765 mensae
880 2705 1059 2765 incumbunt
1095 2706 1241 2765 eiusmodi
1305 2769 1306 2776 ρ

230 2804 303 2879 quid
331 2804 358 2862 ei
386 2803 632 2881 significaverint:
659 2824 730 2862 nam
753 2806 783 2862 et
805 2804 861 2863 hoc
885 2822 957 2862 casu
980 2803 1120 2861 similiter
1142 2803 1243 2862 mittet
1305 2837 1306 2860 t

232 2904 262 2960 et
289 2901 379 2960 ducet
406 2919 469 2979 εοε,
496 2903 533 2959 ut
559 2904 590 2960 et
611 2901 670 2978 ipsi
694 2921 712 2960 a
735 2900 950 2960 tractatoribus
973 2900 1035 2958 tuis
1058 2900 1243 2961 exactionem
1305 2919 1306 2984 γ

230 2999 407 3058 sustineant.
444 2999 507 3058 Nec
529 3002 672 3075 poterunt
695 2997 843 3057 debitores
861 2997 893 3056 in
912 2997 980 3056 aliis
999 2997 1072 3058 locis
1090 3001 1242 3056 versantes
1305 3001 1306 3038 t

231 3097 433 3176 Augustalem
455 3097 654 3171 praescribere
678 3095 709 3153 in
732 3113 823 3154 eausa
846 3095 1037 3171 publicorum
1059 3096 1165 3169 utpote
1189 3096 1240 3170 qui

228 3216 288 3255 non
316 3195 356 3252 sit
383 3196 553 3271 competens
581 3213 684 3253 eorum
711 3192 808 3250 iudex.
860 3192 946 3262 Quod
974 3193 1067 3251 etiam
1094 3192 1126 3249 in
1153 3192 1241 3269 largi-

227 3292 392 3352 tionalibus
415 3290 619 3351 exactionibus
641 3289 707 3348 fieri
728 3291 877 3348 volumus,

302 3444 364 3510 104)
384 3439 450 3495 cod.
469 3437 668 3509 ὑποκειμένων.
744 3443 805 3508 105)
825 3438 891 3494 eod.
906 3446 964 3503 τοίς
977 3436 1173 3508 ὑποκειμένοις
1186 3446 1241 3502 τοῖς

233 3511 328 3564 αὐτοῦ.
403 3513 463 3580 106)
482 3509 548 3565 cod.
568 3516 629 3572 ταῖς
647 3517 773 3580 γενικαῖς
790 3509 839 3564 καλ
858 3509 963 3573 ίδικοιῑς
980 3507 1137 3575 τοοιπέξαις.
