2654 3922
568 196 783 260 Ἀ.74..

167 363 223 446 γὰρ
250 363 329 444 παρὰ
358 372 448 425 ταῦτα
477 360 635 441 διδόμενον
662 359 750 440 λόγον
774 356 843 420 οὐδὲ
866 357 954 439 λόγον
977 351 1053 418 εἶναι
1075 355 1182 437 βουλό-

170 467 258 543 μεθα,
281 459 354 522 όιλλδι
376 459 564 542 πανταχόθεν
587 457 641 538 τὴν
664 448 816 539 ίῖσπραξιν
838 454 889 518 καλ
911 453 999 516 ἔνδον
1018 464 1077 516 τῶν
1095 455 1182 536 ἱερῶν

167 560 280 643 χωρίων
307 557 467 640 ὑπομένειν
494 557 546 620 τὸν
573 555 702 638 λαβόντα
728 555 825 636 μόνην
843 553 903 616 τὸν
925 561 1060 615 τοιοῦτον
1083 551 1183 634 λόγον,

167 657 241 738 πρὸς
263 663 303 743 τῷ
326 655 376 720 καί
398 656 450 720 τὸν
472 654 659 739 παρασχόντα
682 663 788 716 τοῦτον
806 652 985 714 ὑποκεῖσθαι
1002 656 1065 723 ταῖς
1084 648 1183 711 ἐντεῦ-

168 761 225 818 θεν
248 755 417 837 είσπροίξεσί
431 777 461 816 τε
479 753 530 815 καὶ
548 753 729 834 μεθοδείαις,
751 749 801 814 καλ
819 749 1023 833 κληρονόμους
1041 771 1070 810 τε
1089 748 1182 809 αὐτοῦ

167 852 217 915 καλ
240 853 397 934 διαδόχους
419 850 470 914 καλ
492 852 654 933 πράγματα.
695 850 722 911 εἰ
736 837 776 912 δέ
798 872 842 923 τις
864 857 924 909 τῶν
947 845 1183 926 θεοφιλεστότων

168 949 336 1013 ἐπισκόπων
364 950 445 1033 παρὰ
468 950 502 1011 τόι
525 947 665 1032 εἰρημένα
688 949 755 1028 δοίη
769 947 881 1030 λόγον,
909 944 1044 1027 όινοίγκην
1066 942 1183 1018 ἕξουσιν

169 1051 201 1112 ολ
221 1059 273 1130 τῆς
297 1045 350 1112 ὑπ’
376 1048 467 1112 αὐτὸν
490 1044 645 1126 ἐκκλησίας
668 1044 890 1126 θεοφιλέστατοι
914 1043 1066 1124 οίκονόμοι
1083 1065 1113 1104 τε
1131 1040 1182 1103 καλ

167 1146 278 1210 ἔκδικοι
300 1147 355 1227 τὴν
382 1145 522 1209 ἐντεῦθεν
546 1145 771 1226 συμβαίνουσαν
790 1149 972 1224 θεραπεῦσαι
990 1148 1030 1228 τῷ
1050 1140 1182 1225 δημοσίῳ

168 1246 286 1326 ζημίαν,
308 1246 450 1327 πρότερον
473 1241 526 1324 μὲν
549 1243 672 1304 οἴκοθεν
694 1241 744 1304 καλ
766 1241 799 1303 ἐκ
822 1250 874 1322 τῆς
892 1241 970 1314 ι’δίας
989 1239 1088 1301 αὐτῶν
1105 1237 1180 1299 όπο-

169 1342 310 1422 στάσεως,
332 1344 359 1404 εἰ
380 1339 412 1405 δὲ
435 1340 591 1424 ἀποροῖευ,
614 1339 665 1401 καλ
686 1349 745 1402 τῶν
768 1348 821 1419 τῆς
844 1337 1006 1421 ἁγιωτάτης
1028 1335 1183 1414 ἐκκλησίας

170 1441 357 1524 πραγμάτων.
403 1439 429 1500 εἰ
456 1436 487 1500 δὲ
515 1430 750 1521 τολμήσειανίθθ)
777 1436 856 1520 παρὰ
883 1436 1006 1518 γνώμην
1032 1443 1085 1496 τοῦ
1112 1439 1183 1494 θεο-

169 1537 344 1618 φιλεστάτου
386 1535 548 1598 ἐπισκόπου
586 1536 695 1598 δοῦναί
728 1528 844 1617 τινιῖ39)
877 1533 982 1614 λόγον,
1017 1531 1054 1593 οὐ
1089 1529 1184 1611 μόνον

167 1633 281 1718 ίίκυρον
308 1639 458 1709 παντελῶς
485 1633 564 1695 ἔσται
591 1633 623 1696 τὸ
651 1632 825 1715 γευόμενον,
853 1630 925 1693 ἀλλὰ
947 1628 998 1693 καί
1020 1629 1106 1692 αὐτοὶ
1127 1628 1184 1708 τὴν

168 1735 276 1814 ζημίαν
306 1734 525 1818 θεραπεύσουσι
554 1737 594 1817 τῷ
622 1731 769 1818 δημοσίῳ,
796 1730 871 1811 πρὸς
898 1736 938 1815 τῷ
966 1729 996 1790 εἴ
1018 1752 1046 1792 τι
1068 1737 1184 1791 τοιοῦτο

168 1993 321 2071 clegerint.
354 1990 457 2071 Λόγον
476 1992 555 2050 enim
574 1995 694 2067 praeter
711 1993 785 2050 haec
803 1992 909 2051 datum
928 2011 965 2050 ne
985 2010 1048 2052 esse
1063 1991 1184 2068 quidem

167 2089 256 2171 λόγον
278 2089 427 2167 volumus
451 2089 503 2148 sed
525 2107 595 2148 eum
618 2089 672 2165 qui
694 2091 804 2164 temere
828 2089 1001 2150 huiusmodi
1024 2088 1112 2171 λόγον
1135 2109 1183 2150 ac·

166 2188 279 2266 ceperit
305 2187 440 2264 undique
467 2187 651 2274 exactionem
667 2187 826 2270 sustinere
854 2188 947 2248 etiam
974 2188 1055 2248 intra
1079 2191 1183 2248 sancta

166 2289 241 2366 loca,
265 2290 296 2348 et
317 2287 441 2364 iusuper
463 2305 532 2347 eum
556 2286 610 2363 qui
628 2306 697 2346 eum
716 2286 831 2346 dederit
849 2285 1002 2346 subiacere
1022 2287 1183 2348 exactioni-

166 2386 223 2446 bus
252 2389 283 2446 et
310 2385 558 2446 conventionibus
585 2385 654 2444 inde
683 2385 830 2463 oriundis,
858 2388 889 2445 et
916 2385 1038 2444 heredes
1066 2383 1131 2444 eius
1154 2385 1185 2444 et

169 2501 353 2545 successores
376 2488 408 2543 et
429 2503 485 2543 res.
524 2483 636 2554 Quodsi
654 2503 724 2543 vero
744 2483 812 2560 quis
831 2483 889 2542 Dei
907 2483 1183 2543 amantissimorum

166 2583 375 2659 episcoporum
397 2584 517 2658 praeter
539 2580 619 2640 dicta
637 2579 726 2660 λόγον
744 2581 867 2661 dederit,
891 2599 1008 2642 neccsse
1027 2580 1183 2641 habebunt

164 2679 222 2740 Dei
248 2679 448 2738 amantissimi
476 2678 629 2739 oeconomi
653 2681 683 2737 et
705 2679 874 2740 defensores
898 2679 1040 2739 ecclesiae
1064 2678 1120 2738 sub
1144 2699 1179 2740 eo

165 2777 348 2838 constitutae
375 2777 519 2835 damnum
545 2775 615 2836 inde
644 2795 797 2856 emergens
820 2776 942 2852 publico
966 2777 1089 2856 sarcina,
1119 2777 1180 2853 pri-

166 2895 249 2935 mum
283 2874 404 2950 quidem
436 2875 472 2934 de
505 2893 559 2935 suo
587 2877 619 2934 et
646 2895 661 2934 e
688 2875 811 2952 propria
837 2875 973 2951 ipsorum
1000 2874 1184 2950 substantia,

167 2974 193 3032 si
215 2993 286 3033 vero
310 2972 414 3049 inopes
433 2973 494 3032 sint
512 2973 605 3032 etiam
623 2993 639 3033 e
657 2974 746 3032 rebus
766 2973 950 3033 sactissimae
969 2972 1119 3033 ecclesiae.
1150 2974 1183 3032 Si

165 3079 236 3132 vero
274 3069 341 3131 ausi
376 3071 491 3131 fuerint
521 3074 642 3148 praetor
672 3072 862 3132 voluntatem
893 3071 951 3130 Dei
984 3071 1184 3131 amantissimi

166 3169 300 3246 episcopi
326 3167 415 3248 λόγον
443 3169 534 3229 alicui
564 3159 647 3247 dare,
676 3189 736 3229 non
764 3167 863 3228 solum
890 3169 971 3245 quod
998 3169 1184 3229 factumest

167 3268 287 3328 omnino
315 3267 436 3326 initum
464 3266 534 3345 erit,
562 3267 614 3326 sed
642 3267 754 3343 stipsi
777 3267 920 3326 damnum
943 3266 1065 3342 publico
1088 3286 1182 3328 resar-

240 3513 302 3579 238)
322 3508 389 3564 Cod.
408 3503 560 3577 τολμήσειε.
633 3509 696 3579 239)
715 3507 781 3564 eod.
800 3527 872 3564 τινα.
