2654 3922
582 201 800 266 ,68-

183 364 248 444 χίας
276 362 410 425 οίκούσιν
434 355 564 542 [μηΐῑξ
588 361 783 442 ὑποκειμένας
806 361 901 447 αύτῷ,
928 361 976 424 ἐπὶ
999 363 1104 444 μόναις
1127 362 1195 444 μίν-
1254 447 1258 452 ἢ

183 483 229 522 τοι
255 466 319 533 ταῖς
345 460 497 540 δημοσίων

183 564 246 632 τοῖς
277 557 369 620 αύτού
400 557 501 630 τόποις
533 555 615 631 ὄντες
646 551 765 640 elsam)
794 555 988 638 ἄποφύμοιεν.
1038 559 1115 620 οὕτω
1142 559 1196 640 γὰρ

183 655 264 716 ἔσται
289 654 477 735 πανταχόθεν
499 651 518 734 οἱ
541 663 601 716 τῶν
623 655 775 734 δημοσίων
797 655 947 736 είσπραξις
969 652 1196 736 ἀπροφάσιστος.

183 750 266 814 εἶδέ
288 774 364 825 τινες
387 761 446 813 τῶν
468 751 640 833 παμύρχων,
667 749 741 835 ὑπὲρ
764 744 806 813 ὧν
828 751 879 813 καί
900 753 1078 833 κινδυνεύει,
1101 751 1197 835 ἀμνό-

185 873 273 930 μθνές
308 849 375 931 περὶ
410 849 465 930 τὴν
501 851 600 911 αίσίαν
632 851 829 930 σιτοπομπίαν
860 849 880 936 ἢ
912 850 979 932 περὶ
1009 844 1104 934 eam)

580 460 777 541 εἰσπράξεσιν·
805 459 877 541 ὅπερ
899 460 1015 539 ποιήσει
1036 458 1094 522 ado
1117 461 1145 522 εἰ
1165 461 1198 524 ἐν
1315 519 1319 534 ,

1136 856 1197 925 τοῖς
1321 866 1322 874 ’

184 948 306 1022 ναύλοις
332 946 383 1009 καί
409 953 474 1023 ταῖς
501 947 575 1008 τιατδι
604 949 702 1030 χώραν
725 949 872 1022 δαπάναις
895 947 1085 1027 ἕπιδιδόμενα
1107 948 1198 1029 εὕροι,
1321 968 1324 992 ·

185 1046 307 1120 τούτους
331 1045 387 1108 oda
410 1044 584 1125 ύποιιινήσει
607 1043 671 1125 μὲν,
694 1044 753 1107 ὑπὸ
776 1043 939 1124 ἀσφάλειαν
961 1043 994 1106 δὲ
1016 1046 1198 1124 καταστήσει,

183 1142 233 1204 καί
265 1140 381 1225 ἐτέρους
408 1141 582 1222 ἀναζητήσει
610 1142 687 1225 πρὸς
712 1142 745 1204 τὸ
773 1153 894 1224 πρᾶγμα
920 1142 1116 1222 ἐπιτηδείους,
1147 1142 1198 1204 καὶ

184 1241 311 1318 μηνύσει
332 1250 423 1302 ταῦτα
446 1247 486 1328 τῷ
509 1240 611 1326 θρόνῳ
633 1251 686 1321 τῆς
705 1250 759 1321 σῆς
777 1239 933 1324 ὑπεροχῆς,
956 1241 1027 1302 ὥστε
1044 1239 1123 1322 παρὰ
1143 1249 1197 1302 σού

184 1334 235 1397 καί
258 1346 317 1399 τῶν
339 1335 388 1398 ἀεί
408 1354 454 1398 σοι
473 1336 725 1420 [παρεδρευόντων
743 1331 838 1422 issm)
860 1337 911 1399 ναί
931 1336 987 1417 τὴν
1005 1335 1099 1416 αὐτὴν
1116 1335 1198 1418 ἐχόν-
1316 1391 1326 1416 ‚

182 1456 242 1494 των
269 1431 362 1514 ἀρχὴν
389 1434 432 1508 εἰς
457 1432 512 1513 τὴν
538 1435 689 1515 βασιλείαν
715 1435 748 1498 τδ
777 1445 898 1517 πρᾶγμα
924 1435 1089 1517 φερόμενον
1112 1432 1196 1509 δέξα-

184 1535 257 1590 σθαι
292 1529 347 1608 τὴν
382 1529 498 1593 ἐκεῖθεν
534 1533 696 1612 διοίκησιν,
736 1541 797 1595 τῶν
833 1530 887 1612 μὲν
918 1527 965 1594 ἐπ’
999 1531 1197 1618 ἀγνωμοσύνη

181 1627 428 1709 κατεγνωσμένων
459 1629 487 1690 εί
517 1624 746 1714 συνίδοιμενῗόο)
779 1628 1040 1711 ἀπελαυνομένων,
1073 1640 1132 1692 τῶν
1165 1628 1198 1692 δὲ

183 1861 287 1902 corum
314 1843 532 1903 exactionibus:
560 1844 651 1920 idque
674 1845 766 1904 faciet
789 1844 815 1903 si
839 1845 892 1920 qui
915 1863 984 1903 eum
1006 1845 1038 1902 in
1061 1844 1098 1902 iis
1122 1844 1196 1904 loeis

180 1943 373 1998 versarentur
399 1944 504 2017 postea
532 1942 714 2020 aufugerint.
760 1942 809 2001 Ita
832 1941 912 2000 enim
934 1941 1125 2017 publicorum
1147 1961 1196 2000 ex·

183 2037 262 2096 actio
285 2037 418 2114 undique
443 2039 556 2115 absque
578 2043 738 2115 praetextu
761 2039 909 2115 procedet.
948 2039 981 2097 Si
998 2058 1068 2099 vero
1087 2057 1196 2116 pagar-

182 2133 265 2211 chas‚
297 2154 351 2210 pro
380 2136 490 2212 quibus
517 2136 686 2212 periculum
713 2136 855 2214 sustinet,
888 2136 966 2195 circa
992 2135 1111 2195 felicem
1133 2136 1197 2194 fru-

181 2231 276 2290 menti
316 2233 572 2294 transmissionem
613 2235 668 2291 aut
708 2231 787 2293 circa
824 2253 860 2293 ea
897 2252 974 2309 quae
1010 2233 1111 2291 naulis
1148 2234 1199 2293 vel

181 2327 323 2405 impensis
346 2330 378 2388 in
400 2332 521 2409 regione
545 2330 672 2390 faoindis
695 2330 847 2390 destinata
871 2332 950 2409 sunt,
972 2330 1128 2390 indevotos
1152 2331 1197 2389 in·

181 2426 304 2505 venerit,
327 2427 381 2487 hos
404 2447 464 2488 non
486 2428 652 2488 removebit
670 2427 800 2506 quidem,
824 2427 875 2487 sed
893 2427 949 2487 sub
968 2427 1107 2487 cautione
1126 2446 1196 2487 oon-

181 2524 296 2602 stituet,
320 2526 351 2583 et
373 2525 448 2585 alios
472 2524 613 2600 anquiret
636 2525 674 2583 ad
697 2545 764 2584 cam
785 2544 849 2584 rem
870 2525 1001 2602 idoneos
1024 2528 1055 2583 et
1074 2525 1197 2583 nuntia·

180 2620 226 2678 bit
252 2620 325 2680 haee
352 2622 460 2682 throno
488 2621 681 2681 excellentiae
709 2624 794 2700 tuae,
821 2623 857 2680 ut
883 2640 930 2680 res
952 2640 1008 2698 per
1029 2623 1059 2681 te
1081 2641 1196 2699 perque

180 2735 230 2777 eos
259 2717 312 2793 qni
338 2737 393 2794 pro
420 2721 554 2795 tempore
577 2717 634 2777 tibi
657 2718 791 2778 assident
813 2721 868 2778 aut
890 2719 983 2777 etiam
1005 2719 1117 2778 hancce
1143 2719 1195 2778 ad·

180 2814 433 2874 ministrationem
459 2814 613 2875 habebunt
640 2815 679 2874 ad
700 2816 862 2893 imperium
883 2817 980 2875 relata
1002 2816 1071 2875 inde
1095 2816 1196 2892 dispo·

180 2910 319 2971 sitionem
343 2912 485 2992 accipiat,
509 2913 593 2972 ethi
617 2913 670 2989 qui
693 2914 730 2974 ob
754 2912 976 2973 indevotionem
998 2914 1098 2973 notati
1121 2916 1197 2972 sunt

181 3008 207 3068 si
230 3008 315 3068 nobis
332 3009 432 3069 visum
450 3010 543 3070 fuerit
561 3013 780 3088 removeantur,
805 3010 858 3087 qui
875 3030 945 3071 vero
964 3010 996 3069 in
1014 3011 1135 3089 regione
1155 3011 1196 3069 ad

252 3206 314 3276 215)
332 3205 475 3277 Agylaens
494 3207 546 3276 ούχ
564 3203 689 3275 supplem
707 3205 777 3260 vult.
866 3208 930 3276 216)
950 3204 1016 3261 cod.
1036 3202 1194 3276 δημοσίαις.

180 3275 253 3331 Vide
281 3277 378 3331 tamen
400 3293 486 3348 supra
512 3281 571 3332 not.
598 3282 656 3332 159.
699 3275 754 3332 Sed
782 3277 812 3330 et
837 3292 902 3331 mox
928 3276 946 3346 ἡ
971 3285 1026 3331 τῶν
1050 3273 1195 3347 δημοσίων

181 3348 331 3416 είοπραξις.
376 3355 440 3419 217)
450 3347 517 3404 (lod.
529 3349 591 3404 εἴτε.
610 3345 780 3402 Emendavit
790 3345 1002 3417 Oscnbrtlggen.
1053 3349 1117 3418 218)
1126 3347 1195 3401 Cod.

181 3436 219 3472 τε.
291 3422 355 3488 ala)
374 3420 482 3490 Nempe
500 3416 606 3474 excidit
624 3417 741 3487 aliquid,
761 3418 838 3487 quod
855 3435 893 3472 en
911 3419 987 3474 reete
1004 3416 1197 3489 suppleverim

182 3487 233 3541 alii
250 3488 374 3544 videant.
446 3494 510 3560 220)
530 3489 596 3546 (iod.
616 3490 723 3545 συνοίδ.
