2654 3922
594 166 814 232 -28-

199 322 390 408 δικαστηρίου
412 336 465 406 της
488 337 543 407 σῆς
565 328 729 410 ὑπεροχῆς,
753 328 819 408 δίχα
840 336 893 407 τῆς
917 327 1040 388 οἰασούν
1062 325 1223 407 ἀναβολῆς

201 422 271 494 τούς
294 421 495 504 ἐπικειμένους
517 421 664 508 αύτοῖςθθ)
688 426 832 508 εἰσφέρειν
851 425 1013 505 δημοσίους
1031 424 1147 506 φόρους
1164 422 1224 484 καί

201 518 241 599 μὴ
265 525 374 601 τολμᾶν
397 520 563 603 ἀντιλέγειν.
609 524 636 585 εἰ
657 524 712 604 γάρ
735 517 825 607 τιςθέ)
847 522 877 597 ἐξ
900 521 1037 604 ἑκατέρας
1056 522 1222 602 Αἰγύπτου

198 612 219 694 ἰ)
245 625 305 677 τῖον
331 618 405 679 κατὰ
431 619 486 699 την
506 615 725 702 Ἀλεξάνδρειαν
749 622 914 683 οἰκούντων
936 619 986 682 καί
1009 616 1222 698 ὑποκειμένων

199 718 264 784 ταῖς
281 717 431 790 τοιαύταις
448 717 603 800 εἰσφοραῖς
623 714 819 804 (ἐξηρτημένον
837 727 890 781 τού
905 717 1073 799 Μαρεώτου
1091 715 1221 778 καὶτοῦ

199 813 387 875 Μενελαῖτου
400 823 453 894 τῆς
467 815 589 895 πόλεως,
603 815 670 897 περὶ
683 807 726 877 ὧν
741 814 773 877 έν
788 821 849 888 τοῖς
864 814 971 894 ἐφεξῆς
979 813 1015 876 cd
1024 814 1220 895 προσήκοντα

199 906 435 994 διατυπώσομεν)
454 913 624 992 τολμήσειεν
643 911 818 994 ἀντιβλέψαι
836 911 911 994 πρὸς
929 911 984 991 τὴν
1003 911 1086 973 δόσιν
1104 909 1125 991 ἢ
1140 911 1220 972 κατολ

198 1025 226 1064 τι
247 1003 482 1089 ἐναντιωθῆναι,
508 1009 559 1072 καί
586 1010 627 1091 μὴ
651 1008 667 1072 δ
690 1011 881 1092 περίβλεπτος
904 1009 1116 1090 αύγουστοίλιος
1140 1007 1221 1089 ἔχων

198 1099 249 1162 καί
271 1102 326 1181 τὴν
349 1107 558 1188 στρατιωτικὴν
580 1106 631 1170 καὶ
652 1107 708 1187 τὴν
731 1107 886 1187 πολιτικὴν
909 1105 1002 1189 ἀρχὴν
1029 1105 1079 1168 καί
1102 1106 1135 1167 οἰ
1155 1115 1218 1167 τῶν

198 1201 352 1279 ταγμάτων
370 1206 570 1285 πρωτεύοντες
587 1204 639 1266 καί
656 1209 809 1286 τριβούνοι
826 1205 1102 1285 καταναγκύσουσιν
1121 1201 1221 1264 αύτὸν

199 1293 219 1374 ἢ
243 1296 352 1371 αὐτούς
374 1300 409 1360 τὰ
433 1299 609 1381 ὀφειλόμενα
631 1303 804 1384 εἰσενεγκεῖν
829 1302 878 1364 καί
900 1302 956 1382 την
980 1301 1218 1383 εὐγνωμοσύνην

199 1390 254 1470 τὴν
281 1393 356 1475 πρὸς
382 1396 415 1458 τδ
444 1398 587 1478 δημόσιον
616 1397 780 1480 ἀγαπῆσαι,
808 1400 950 1479 ἴστωσαν,
977 1397 1018 1472 ὡς
1045 1397 1135 1471 αύτδς
1160 1395 1218 1478 μὲν

200 1486 216 1549 d
248 1493 551 1575 μεγαλοπρεπέστατος
583 1495 795 1578 αύγουστοίλιος
826 1497 877 1559 καί
908 1507 989 1559 πᾶσα
1020 1497 1150 1578 βοήθεια
1177 1487 1217 1574 ἧς

198 1584 368 1669 ἔμπροσθεν
395 1591 589 1673 ἐμνήσθημεν
616 1595 865 1658 κινδυνεύσουσιν
891 1593 942 1656 ἐπί
966 1617 996 1656 τε
1019 1599 1084 1666 ταῖς
1106 1593 1216 1666 ζώναις

203 1685 267 1764 [καί
289 1686 337 1750 ἐπὶ
359 1697 423 1764 ταῖς
444 1698 565 1765 ποιναῖς
589 1686 870 1775 δοθησομέναις]65)
889 1693 931 1766 εἰς
948 1690 981 1754 τὸ
1001 1691 1145 1771 δημόσιον
1164 1689 1218 1752 καί

153 1969 155 1974 ’
199 1941 391 2002 excellentiae
411 1941 649 2016 competentibus
669 1942 740 2000 sunt
758 1940 887 2020 obnoxii,
906 1940 1018 2017 absque
1034 1959 1217 2018 quacunque

201 2039 345 2098 dilatione
368 2038 510 2114 imposita
529 2037 587 2096 sibi
604 2038 726 2114 publica
745 2038 862 2098 tributa
880 2039 1011 2098 inferant
1029 2058 1126 2115 neque
1146 2058 1214 2098 con·
1308 2109 1309 2133 ρ

198 2136 345 2195 tradicere
368 2133 507 2194 audeant.
554 2135 587 2193 Si
611 2135 678 2210 quis
702 2137 782 2195 enim
805 2156 840 2195 ex
862 2136 922 2214 hia,
951 2136 1005 2212 qui
1027 2136 1059 2194 in
1082 2138 1214 2212 utraque
1308 2141 1309 2144 ’

199 2235 339 2312 Aegypto
367 2235 422 2292 aut
444 2232 643 2292 Alexandriae
669 2233 810 2292 habitant
837 2236 868 2292 et
890 2234 1002 2293 talibus
1024 2233 1214 2294 illationibus
1308 2253 1309 2276 ¹

199 2332 319 2393 obnoxii
342 2334 414 2390 sunt
436 2323 575 2414 (excepta
593 2332 728 2392 Mareota
751 2335 782 2390 et
799 2331 962 2391 Menelaita
984 2331 1067 2409 urbe,
1091 2331 1126 2390 de
1147 2333 1215 2408 qui-

198 2430 255 2490 bus
291 2430 324 2488 in
356 2429 550 2506 sequentibus
587 2429 795 2489 convenientia
827 2421 1024 2509 statuemus),
1062 2428 1214 2505 despicere
1308 2445 1309 2454 ¹

199 2528 350 2588 dationem
379 2530 434 2586 aut
460 2527 492 2586 in
520 2526 623 2601 aliquo
652 2525 803 2585 adversari
831 2525 954 2604 audeat,
983 2528 1013 2585 et
1041 2526 1217 2602 spectabilis

85 2697 87 2701 ,
198 2625 378 2704 Augustalis
401 2625 466 2682 tam
488 2622 650 2681 militarem
674 2641 766 2698 quam
785 2622 903 2684 civilem
922 2623 1213 2684 administrationem

198 2723 311 2782 habens
335 2723 366 2781 et
385 2720 555 2780 cohortium
572 2719 686 2796 priores
706 2723 737 2778 et
754 2721 870 2779 tribuni
889 2721 1024 2781 eumve]
1043 2739 1093 2780 eos
1112 2720 1218 2780 debita

198 2819 308 2878 inferre
340 2821 371 2877 et
403 2817 585 2893 probitatem
617 2816 760 2877 adversus
793 2818 949 2894 publicum
975 2819 1124 2895 praeferre
1153 2837 1212 2878 non

198 2915 358 2994 coegerint,
383 2914 479 2974 sciant
497 2914 597 2991 ipsum
615 2914 946 2994 magnificentissimum
963 2915 1165 2994 Augustalem
1183 2919 1216 2974 et
1308 2969 1309 2982 ,

199 3033 286 3074 omne
319 3012 505 3072 adiutorium
536 3012 622 3071 cuius
654 3012 742 3072 modo
774 3013 957 3072 mentionem
984 3013 1109 3072 fecimus
1137 3012 1213 3089 peri-

199 3113 302 3171 culum
330 3111 429 3170 subire
455 3110 534 3169 circa
556 3109 679 3188 cingula
702 3113 733 3169 et
756 3110 835 3169 circa
857 3110 970 3169 multas
992 3108 1063 3170 fisco
1087 3109 1213 3168 inferen-

270 3313 531 3384 comodamente.
614 3316 660 3384 64)
678 3313 745 3370 cod.
764 3321 827 3370 τῶν.
912 3316 957 3384 65)
974 3313 1052 3368 Haeo
1071 3314 1130 3368 fere
1150 3331 1211 3383 sup·
1308 3351 1309 3354 ,

198 3385 305 3456 plenda
324 3388 396 3453 sunt,
415 3385 485 3439 licet
502 3385 620 3441 lacunae
642 3385 753 3456 signum
772 3385 802 3440 in
821 3383 918 3440 codice
936 3401 993 3439 non
1011 3385 1056 3441 sit.
1087 3384 1159 3440 Vide
1173 3387 1215 3439 sis

199 3472 272 3525 quae
292 3462 307 3522 ξ
327 3462 342 3510 9
362 3458 431 3512 extr.
452 3456 588 3512 dicentur.
