2654 3922
614 203 832 266 -56-

220 365 320 448 [πρὸς]
350 365 458 438 αὐτοὺς
486 364 536 426 καλ
563 362 711 444 ἀπαιτεῖν,
737 363 787 426 καὶ
815 365 910 424 πάντα
936 363 1073 444 πράττειν
1096 360 1193 424 ὁπόσα
1216 360 1234 423 ὁ

217 473 270 544 τῆς
294 464 469 544 εἰσπράξεως
492 463 629 542 βούλεται
651 462 767 543 τρόπος.

281 556 401 638 Ἐπειδὴ
425 557 458 620 δὲ
481 558 531 620 καί
554 561 588 619 αἰ
607 565 688 620 θεῖαι
710 557 795 638 ἡμῶν
817 560 993 638 largitiones
1016 556 1125 619 ἐκτῶν
1144 556 1234 638 ἐπαρ-

218 667 290 738 χιῶν
312 657 425 719 τούτων
446 655 496 718 καὶ
519 655 617 718 τόπων
640 664 699 718 τῶν
721 655 935 718 ὑπακουόντων
957 661 997 740 τῷ
1015 653 1160 739 εἰρημένῳ
1180 665 1234 716 τοῦ

218 756 359 834 Λιβυκοῦ
386 759 501 835 λιμιτοῦ
529 748 674 836 δουκίῙθῑ)
703 778 770 815 τινα
795 754 978 833 κομίζονται,
1005 749 1090 832 ἡμεῖς
1118 749 1149 812 δὲ
1178 751 1235 830 τὴν

220 853 289 930 ἴσην
312 851 362 913 καὶ
381 848 488 932 ὁμοίαν
506 851 556 913 καὶ
574 846 621 912 ἐπ’
642 851 742 924 αὐτοῖς
762 852 906 933 φροντίδα
924 851 1103 930 ποιούμεθα,
1126 850 1235 910 θεσπί-

220 951 306 1029 ζομεν
338 948 390 1010 τὸν
422 947 578 1031 εἰρημένον
610 959 662 1028 τῆς
684 949 804 1028 Λιβύης
831 947 881 1009 καλ
910 957 963 1010 τοῦ
986 947 1155 1028 Μαρεώτου
1184 946 1236 1006 καὶ

217 1056 270 1108 τοῦ
289 1049 475 1108 Μενελαΐτου
498 1056 550 1126 τῆς
572 1046 684 1118 πόλεως
703 1040 766 1126 (καὶ
788 1055 879 1107 ταῦτα
901 1038 1115 1128 γὰρ162)αιἰτῷ
1138 1061 1232 1125 προσ-

219 1137 385 1226 εθήκαμεν)
412 1136 523 1226 rbem)
563 1144 755 1226 περίβλεπτον
787 1144 881 1204 δοῦκα
907 1142 958 1203 καί
984 1141 1036 1203 τὸν
1063 1151 1116 1221 της
1143 1139 1236 1222 ἐπαρ-

221 1242 285 1322 χίας
312 1240 440 1322 ἄρχοντα
466 1240 516 1302 καί
543 1240 597 1318 τὴν
624 1235 761 1325 aarum)
788 1239 972 1320 πειθομένην
995 1240 1078 1313 τάξιν
1100 1240 1236 1325 κινδύνῳ

221 1339 318 1423 οἰκείῳ
347 1337 401 1416 τὴν
427 1347 486 1399 τῶν
514 1337 788 1417 largition[al]ioo”ov
815 1338 970 1419 χρημάτων
992 1337 1144 1418 εἴσπραξιν
1166 1358 1236 1397 ποι-

220 1440 321 1495 εῖσθαι
349 1443 408 1494 τῶν
435 1432 467 1495 έκ
494 1436 614 1496 πάντων
636 1444 695 1496 τῶν
717 1434 879 1517 εἰρημένων
901 1434 999 1496 τόπων
1023 1432 1237 1513 ὀφειλομένων,

221 1530 293 1592 ὥστε
320 1530 394 1592 κατὰ
422 1532 569 1611 μηδεμίαν
596 1531 725 1610 ἔλλειψιν
752 1542 843 1593 ταῦτα
864 1527 937 1593 καθ’
962 1530 1084 1593 ἕκαστον
1107 1529 1171 1603 ἔτος
1194 1533 1236 1591 εἰ-

223 1628 497 1711 σπράττεσθαικαλ
519 1628 720 1708 ἐκπέμπεσθαι
742 1625 811 1710 παρ’
837 1629 935 1690 αὐτῶν
956 1627 1004 1689 ἐπὶ
1026 1627 1081 1707 την
1101 1623 1236 1703 Ἀλεξαν·

222 1725 314 1808 (ἰρὲων
337 1726 387 1787 καὶ
410 1728 632 1808 παραδίδοσθαι
654 1733 694 1812 τῷ
716 1726 790 1788 κατὰ
812 1725 917 1806 καιρὸν
940 1724 971 1786 ἐκ
994 1734 1058 1786 τῶν
1076 1731 1235 1787 καθωσιω-

220 1921 317 1981 iacere
346 1923 499 2000 volumus,
527 1925 563 1980 ut
590 1926 621 1981 et
648 1922 687 1980 acl
714 1941 764 1982 eos
791 1921 911 1981 mittere
935 1925 965 1980 et
988 1920 1105 1998 exigere
1128 1921 1238 1998 possit,

220 2019 251 2077 et
274 2018 374 2077 omnia
396 2018 494 2077 facere
518 2038 595 2094 quae
619 2019 781 2078 exactionis
804 2020 910 2079 modus
932 2019 1076 2095 postulat.

291 2113 324 2190 [ξ
354 2117 381 2174 3.
415 2113 655 2190 λονμλίίοκολία]
712 2115 860 2185 Quoniam
896 2136 966 2176 vero
1003 2115 1096 2174 etiam
1132 2133 1236 2174 sacrae

221 2215 342 2272 nostrae
372 2211 548 2290 largitiones
576 2233 611 2272 ex
640 2213 687 2272 his
715 2214 860 2289 eparchiis
884 2217 915 2272 et
936 2213 1023 2290 lociS‚
1052 2231 1129 2288 quae
1153 2212 1236 2271 dicto

220 2310 325 2387 Libyci
352 2311 458 2369 limitis
486 2311 555 2370 (luci
582 2313 702 2390 parent,
734 2311 880 2370 nonnulla
906 2310 1089 2387 percipiunt,
1122 2311 1153 2368 et
1180 2327 1237 2368 nos

221 2409 379 2485 aequalem
399 2412 429 2468 et
448 2409 576 2468 similem
594 2410 687 2468 etiam
705 2409 765 2466 illis
784 2427 888 2466 curam
906 2407 1114 2484 impendimus
1138 2407 1236 2465 sanci-

219 2525 287 2565 mus
324 2507 439 2565 (lictum
469 2506 582 2581 Libyae
620 2509 650 2564 et
681 2507 833 2565 Mareotae
870 2508 900 2564 et
931 2505 1110 2564 Menelaitae
1147 2503 1236 2562 urbis

221 2597 306 2684 (nam
329 2604 455 2662 ethaeo
478 2603 524 2660 illi
548 2594 725 2684 adiecimus)
750 2603 943 2679 spectabilem
966 2602 1072 2662 ducem
1095 2605 1126 2660 et
1148 2620 1236 2677 epar-

221 2701 305 2760 ohiae
337 2699 468 2759 iudicem
500 2701 530 2757 ct
562 2697 695 2758 officium
726 2698 785 2774 ipsi
814 2718 922 2776 parens
950 2700 1071 2775 proprio
1099 2699 1236 2774 periculo

221 2797 461 2873 largitionalium
487 2795 684 2871 pecuniarum
707 2797 892 2857 exactionem
913 2797 1011 2855 faeere
1035 2814 1236 2872 quaecunque

222 2914 257 2953 ex
285 2893 421 2953 omnibus
449 2893 536 2952 dietis
564 2893 637 2953 locis
661 2894 820 2973 debentur,
847 2897 884 2953 ut
906 2913 975 2953 cum
1002 2894 1086 2952 nullo
1115 2892 1237 2951 defectu

220 2991 294 3050 haec
327 2991 489 3066 quotannis
518 2990 678 3069 exigantur
709 2995 740 3050 et
771 2991 1018 3050 transmittantur
1050 2990 1087 3049 ab
1120 2989 1163 3048 eis
1197 2989 1237 3046 ad

220 3087 327 3148 urbem
349 3088 620 3149 Alexandrinorum
646 3089 866 3165 tradanturque
895 3089 922 3147 ei
949 3089 999 3148 cui
1021 3106 1075 3164 pro
1098 3089 1237 3162 tempore

140 3318 144 3326 .
292 3279 356 3344 161)
370 3277 436 3331 Ood.
452 3278 594 3330 δουκικοῦ.
623 3273 793 3329 Emendavit
807 3274 1018 3344 Oscnbriiggen.
1089 3273 1151 3339 162)
1166 3269 1234 3326 Oorl.

221 3345 301 3416 παρ’.
338 3346 507 3401 Emendavit
524 3346 675 3415 Agylaeus.
762 3348 823 3414 163)
841 3345 984 3399 Articulus
1003 3343 1076 3399 forte
1096 3341 1237 3397 delendus

221 3422 336 3552 ξὲλὲεων.
348 3422 409 3486 164)
429 3415 568 3472 Fortassis
588 3417 690 3478 αὐτοῖς.
718 3415 794 3470 Infra
813 3418 857 3470 est
875 3423 930 3470 τῶν
943 3412 1123 3485 πειθομένων
1137 3413 1238 3476 αὐτοῖς
