2654 3922
444 161 623 280 ;,“ ·“ν
670 190 692 253 4
739 228 779 234 “

171 375 232 432 qua
259 373 328 431 pars
356 353 465 414 codicis
493 355 530 413 ab
559 366 593 414 co
622 356 746 412 exarata
772 352 918 430 ostendit,
947 352 1099 412 doetrinae
1127 373 1187 412 non

170 454 270 512 minus
292 472 384 529 quam
403 451 602 511 accurationis
620 451 742 510 laudern
759 453 899 510 meretur.
937 449 1067 509 Videtur
1086 454 1188 510 autem

171 551 203 610 in
235 552 291 609 hac
323 553 409 625 parte
444 541 499 630 (—
526 549 604 610 forte
635 549 776 609 universa
808 549 878 627 illa,
916 567 994 624 quae
1026 546 1188 607 Iustiniani

170 649 245 706 XIII
267 647 376 706 Edicta
404 666 481 723 quae
503 649 652 707 vocantur
674 646 842 706 contineret
870 637 924 726 -)
949 645 1038 704 nimis
1061 643 1190 704 fideliter

173 745 351 821 expressisse
379 745 530 822 exemplar
555 743 712 822 vitiosum,
742 743 824 820 quod
852 734 975 819 quidem
1003 762 1038 802 ex
1062 743 1188 818 antiquo

171 861 266 918 eoque
293 842 391 902 lacero
420 841 519 902 codice
546 860 728 919 papyraceo,
761 840 848 901 ouius
877 839 1024 919 originem
1050 841 1188 900 fortassis

172 939 290 998 scholae
311 939 531 999 Alexandrinae
549 938 700 1017 tribueris,
719 938 903 1014 descriptum
922 955 984 997 esse
1004 937 1203 1024 crediderim

173 1037 222 1096 Sic
241 1036 320 1096 enim
338 1037 426 1096 facile
445 1035 633 1112 explicantur
651 1037 786 1114 lacunae,
807 1054 885 1112 quae
902 1037 1025 1113 propter
1038 1055 1189 1112 papyrum

171 1134 297 1194 maculis
335 1134 510 1210 adspersum
545 1134 593 1194 vel
624 1133 747 1193 madore
779 1135 958 1209 corruptum
989 1132 1038 1192 vel
1070 1133 1187 1192 laciniis

171 1231 284 1290 avulsis
308 1231 499 1290 decurtatum
517 1231 652 1306 adeoque
670 1231 857 1308 integrorum
876 1229 1019 1290 foliorum
1038 1230 1188 1290 defectum

171 1329 373 1388 deformatum
390 1328 538 1403 plurimae
558 1327 678 1388 obviam
696 1326 786 1386 fiunt:
807 1327 849 1387 sie
869 1327 980 1404 optime
1000 1327 1189 1406 intellegitur

173 1424 321 1501 quomodo
354 1424 418 1484 fieri
450 1424 584 1500 potuerit
615 1427 651 1483 ut
682 1425 825 1485 foliorum
858 1425 936 1485 forte
968 1424 1189 1486 disiunctorum

173 1522 244 1582 ordo
268 1521 300 1580 in
324 1521 513 1582 describendo
536 1523 728 1598 perturbaret
767 1569 773 1581 .

238 1619 395 1679 Eiusmodi
431 1619 695 1696 transpositionem
730 1620 919 1700 integrorum
952 1619 1095 1680 foliorum
1132 1641 1187 1698 ego

172 1717 287 1793 primus
310 1717 342 1776 in
366 1717 495 1777 editione
519 1737 585 1778 mea
607 1721 797 1797 notaveram,
826 1717 898 1776 dum
922 1717 1079 1777 scriberem
1101 1719 1188 1778 haec:

172 1815 344 1893 „FoIIorum
367 1817 513 1890 quattuor
536 1815 567 1872 in
589 1817 752 1892 prototypo
771 1833 911 1891 perversa
929 1814 1063 1894 ligatura
1082 1815 1187 1892 effecit,

171 1913 208 1969 ut
229 1910 370 1969 librarius
394 1911 466 1970 dum
489 1910 628 1971 (lodicem
646 1912 796 1971 Venetam
822 1932 858 1970 ex
881 1932 915 1972 eo
939 1912 1117 1972 describeret
1140 1931 1187 1971 co·

172 2007 328 2066 haerentia
342 2011 501 2083 separaret.
517 2054 524 2068 .
540 2055 545 2066 .
561 2056 566 2067 .
584 2007 756 2068 Genuinum
776 2009 910 2068 ordinem
923 2009 1032 2070 horum
1045 2009 1187 2070 foliorum

172 2123 226 2164 nos
254 2105 343 2180 primi
366 2100 581 2164 restituimus.“
626 2106 683 2166 Sed
705 2107 755 2164 vel
776 2109 895 2182 recepto
920 2107 1021 2167 ordine
1044 2107 1189 2168 foliorum

173 2221 260 2262 ame
283 2202 424 2262 restituto
448 2202 600 2279 aliquibus
623 2203 697 2262 locis
721 2203 912 2263 cohaerentia
934 2224 1092 2280 perperam
1115 2223 1133 2263 a
1157 2223 1187 2264 se

172 2298 300 2358 invicem
332 2303 510 2376 separantur
539 2301 587 2360 vel
619 2320 679 2361 non
712 2300 904 2361 cohaerentia
936 2301 1065 2362 invicem
1097 2322 1187 2378 copu-

172 2396 283 2455 lantur.
327 2390 417 2479 (Vide
441 2397 481 2456 sis
504 2417 567 2474 cap.
591 2398 636 2457 IV
658 2396 678 2474 ξ
700 2390 742 2478 1.)
789 2398 872 2458 Haec
901 2401 1002 2460 tamen
1029 2399 1105 2460 vitia
1128 2419 1188 2460 non

172 2493 295 2554 librario
319 2493 435 2555 Codicis
458 2495 567 2555 Veneti
592 2494 693 2555 eiusve
716 2495 898 2573 glutinatori
922 2497 973 2556 sed
996 2497 1024 2556 ei
1047 2497 1099 2573 qui
1123 2497 1187 2556 eius

172 2593 356 2668 prototypon
379 2592 515 2652 exaravit
536 2592 695 2650 tribuenda
714 2594 793 2670 sunt,
817 2596 854 2651 ut
873 2593 926 2669 qui
945 2593 1095 2654 disiuncta
1114 2595 1187 2654 folia

173 2688 283 2748 codicis
314 2689 476 2764 papyracei
508 2680 584 2769 (sive
616 2688 744 2767 paginas
772 2693 879 2766 utpote
908 2691 989 2751 foliis
1018 2693 1055 2752 ab
1083 2711 1188 2753 aversa

171 2787 257 2860 parte
281 2785 431 2861 scriptura
453 2777 571 2866 vacuis)
594 2805 734 2861 perverso
758 2787 863 2848 ordine
887 2789 1084 2865 descripserit.
1121 2791 1187 2850 Iam

174 2901 242 2940 cum
266 2882 533 2942 animadverterem
554 2901 738 2960 unoquoque
761 2884 835 2944 folio
861 2884 977 2945 Codicis
996 2887 1105 2947 Veneti
1128 2889 1186 2948 duo

173 2977 248 3038 folia
274 2979 429 3056 prototypi
457 2980 519 3040 sive
547 2979 684 3056 qualibet
710 2981 822 3059 pagina
850 2981 934 3042 illius
962 2983 1037 3044 duas
1059 2985 1186 3063 paginas

173 3077 330 3153 prototypi
364 3077 595 3155 repraesentari,
636 3078 766 3156 contigIt
804 3079 879 3138 mihi
919 3084 956 3140 ut
991 3101 1052 3141 non
1089 3083 1187 3142 solum

175 3172 335 3248 antiquum
367 3174 500 3235 ordinem
531 3174 674 3235 foliorum
701 3175 763 3235 sive
791 3177 984 3256 paginarum,
1017 3179 1069 3238 sed
1096 3179 1188 3238 etiam

173 3269 373 3345 plurimarum
395 3273 573 3332 lacunarum
595 3273 744 3332 ambitum
762 3292 925 3352 earumque
945 3276 1188 3352 supplementum

175 3368 213 3426 ad
245 3371 356 3428 certam
384 3370 536 3447 quandam
557 3371 695 3449 regulam
718 3368 840 3430 definire
862 3373 1021 3448 potuerIm.

241 3465 323 3526 Haec
355 3467 450 3546 igitur
480 3470 564 3548 sunt,
597 3486 675 3545 quae
707 3469 781 3528 haec
808 3487 887 3529 nova
914 3469 1006 3530 editio
1033 3473 1187 3547 praestare
