2654 3922
564 175 783 240 ..26-

167 333 278 413 σμένον
306 336 484 399 διοικεῖσθαι
510 335 620 416 τρόπον
641 337 693 398 καλ
715 335 895 418 παρέχεσθαι
918 343 980 410 τοῖς
1002 335 1186 416 ναυκλήροις

166 429 242 513 ὑπὲρ
265 434 362 513 πάσης
381 443 433 513 τῆς
451 434 548 506 αἰσίως
565 433 701 515 ἐμβολῆς.
732 433 783 496 καλ
801 435 877 515 αὕτη
896 433 950 514 μὲν
968 434 1069 516 πρώτη
1088 455 1185 515 φρον-

166 529 211 602 τὶς
239 529 290 592 κοιλ
318 532 463 610 διοίκησις
490 525 611 615 staff)
638 530 812 611 συνημμένη
839 532 1006 613 γενήσεται,
1034 531 1054 610 ῆ
1077 552 1107 592 τε
1130 540 1186 609 τῆς

165 627 265 700 αἱσέας
287 627 414 709 ἐμβολῆς
436 629 457 708 ll
479 651 508 689 τε
530 638 590 690 τῶν
612 630 740 692 ναύλων.

168 763 170 767 s
232 719 286 786 Ἐν
313 725 434 811 δευτέρη
461 724 493 787 δὲ
521 727 598 800 τάξει
625 726 797 808 βουλόμεθα
823 725 879 806 τήν
902 749 932 789 τε
954 725 1011 806 σῆν
1034 723 1186 806 ὑπεροχὴν

167 821 218 883 καὶ
253 821 306 884 τὸν
337 823 412 885 κατδι
443 823 548 906 καιρὸν
578 822 707 906 ἄρχοντα
738 827 847 905 ταύτης
878 834 932 905 τῆς
963 815 1101 905 ἄρχῆςῧῗ)
1133 820 1186 882 καὶ

167 920 237 992 τούς
268 943 299 982 τε
326 923 528 1004 σκρινιαρίους
555 921 605 984 καλ
631 921 807 1004 τροικτευτδις
834 923 891 986 δύο
917 945 947 985 τε
973 913 1185 1003 Αἰγύπτωνῧδ)

167 1015 217 1078 κοιλ
241 1013 462 1100 Ἀλεξανδρείας
492 1025 634 1101 προνοεῖν
661 1030 714 1099 τῆς
741 1020 917 1103 εἰσπράξεως
944 1028 1003 1081 τῶν
1031 1019 1185 1098 δημοσίων

167 1113 283 1195 φόρων,
306 1126 365 1178 τῶν
387 1118 430 1190 εἰς
452 1115 593 1198 ἑκατέραν
615 1119 760 1199 τράπεζαν
783 1116 1001 1199 εἰσφερομένων
1023 1125 1076 1179 τοῦ
1101 1116 1185 1177 δικα-

166 1213 289 1294 στηρίου
311 1223 364 1293 τῆς
387 1224 442 1294 σῆς
464 1214 622 1295 ὑπεροχῆς,
644 1215 699 1293 τήν
722 1237 752 1276 τε
770 1214 871 1294 ἰδικῆν
889 1215 944 1295 τῆν
962 1236 992 1276 τε
1010 1206 1184 1296 γενικῆν*),

170 1309 284 1389 δηλαδὴ
307 1310 337 1384 ἐξ
361 1310 483 1373 ἐκείνων
505 1321 565 1372 τῶν
587 1311 702 1374 πόλεων
723 1311 774 1374 καὶ
793 1322 853 1374 τῶν
871 1312 1037 1395 προσώπων
1055 1310 1106 1373 καλ
1123 1319 1185 1371 τῶν

166 1408 280 1468 τούτων
308 1406 458 1489 ἐγγυητῶν
485 1407 536 1470 καὶ
562 1417 621 1469 τῶν
648 1408 747 1471 τόπων
776 1419 836 1471 τῶν
863 1410 906 1483 εἰς
930 1417 1017 1472 τοῦτο
1039 1407 1072 1470 τὸ
1096 1405 1184 1488 μέρος

168 1501 406 1585 ἀφορισθέντων,
431 1504 673 1586 ὑποτεταγμένων
694 1505 745 1568 καλ
767 1506 865 1569 αὐτῶν
888 1507 957 1592 τῆδε
979 1516 1015 1591 τῆ
1038 1506 1109 1590 θείη
1131 1528 1185 1566 νο-

167 1603 303 1687 μοθεσία.
349 1601 386 1665 οδ
419 1601 595 1684 δυναμένων
625 1609 775 1676 παντελῶς
807 1602 877 1667 οὐδὲ
907 1613 961 1666 τοῦ
989 1601 1184 1684 περιβλέπτου

166 1698 381 1780 αὐγονσταλίου
408 1699 479 1763 οὐδὲ
505 1710 558 1780 τῆς
584 1700 766 1781 πειθομένης
794 1701 875 1786 αὐτῷ
904 1702 1011 1775 τάξεως
1034 1696 1105 1762 οὐδὲ
1128 1710 1183 1762 τοῦ

167 1930 332 1990 ministrari
355 1934 385 1990 et
407 1931 602 1992 naviculariis
624 1933 773 2008 praestari
797 1952 851 2009 pro
870 1935 937 1993 tota
954 1932 1036 1992 felici
1054 1931 1181 1992 embola.

166 2027 207 2088 Et
229 2028 302 2087 haeo
327 2027 448 2104 quidem
470 2029 568 2104 prima
591 2048 664 2088 eura
687 2030 745 2088 erit
767 2032 798 2089 et
821 2030 1041 2090 administratio
1065 2030 1093 2089 ei
1112 2049 1183 2090 oon·

166 2124 271 2185 innota
293 2124 389 2184 felicis
412 2125 546 2185 embolae
569 2128 600 2186 et
622 2127 790 2186 naulorum.

235 2219 268 2297 [ξ
289 2224 316 2281 8.
340 2222 528 2282 Publicorwm
550 2221 680 2300 eradio]
719 2223 855 2284 Secundo
880 2227 983 2284 autem
1005 2225 1070 2284 looo
1094 2225 1182 2284 volu·

165 2337 233 2381 mus
256 2320 463 2380 excellentiam
485 2323 572 2380 tuam
594 2324 625 2382 et
647 2341 718 2381 eum
736 2321 790 2398 qui
807 2341 861 2398 pro
881 2324 1014 2398 tempora
1033 2322 1110 2381 hano
1129 2322 1183 2381 ad-

165 2417 418 2478 ministrationem
446 2418 670 2478 administrabit
698 2421 729 2477 et
756 2418 925 2479 scriniarios
948 2421 979 2478 et
1000 2421 1182 2480 tractatores

165 2515 294 2574 duarum
321 2516 530 2594 Aegyptorum
557 2518 588 2574 et
609 2516 809 2575 Alexandriae
835 2515 1004 2592 prospicere
1032 2517 1183 2577 exuationi

163 2613 353 2689 publicorum
380 2611 576 2690 tributorum,
607 2613 646 2670 ad
672 2615 833 2689 utramque
862 2631 996 2672 mensam
1024 2616 1092 2673 tum
1114 2633 1183 2691 spa-

165 2710 272 2769 oialem
290 2713 358 2768 tum
375 2709 545 2786 generalem
558 2709 720 2768 tribunalis
734 2713 806 2770 tuae
821 2711 1013 2771 excellentiae
1028 2712 1182 2772 eonferen-

166 2807 286 2882 dornm,
313 2805 457 2864 nimirum
485 2825 520 2864 ex
546 2806 672 2865 urbibus
700 2810 731 2866 et
756 2809 890 2883 personis
918 2827 1081 2884 earumque
1108 2809 1182 2869 fide·

165 2901 332 2962 iussoribus
356 2905 387 2961 et
408 2902 482 2963 loeis
506 2903 544 2962 ad
566 2903 642 2964 hano
666 2908 784 2981 partem
802 2904 964 2983 deputatis,
987 2905 1130 2965 subiectis
1149 2911 1182 2967 et

165 2999 240 3076 ipsis
262 2999 333 3058 huio
357 3019 457 3060 sacrae
481 3002 549 3080 legi.
596 3002 658 3061 Neo
681 3003 777 3078 possit
800 3003 919 3062 omnino
942 3022 1040 3078 nsque
1064 3006 1181 3080 specta-

163 3097 233 3157 bilis
247 3098 426 3175 Augustalis
448 3118 502 3158 neo
526 3098 659 3158 officium
682 3099 710 3158 ei
732 3118 840 3176 parens
859 3119 913 3160 neo
931 3099 989 3159 Dei
1007 3100 1179 3160 amantissi-

235 3322 281 3389 56)
298 3317 364 3375 Cod.
379 3314 473 3444 ἑαυτῆ.
547 3322 592 3387 57)
606 3319 816 3374 Praefecturam
830 3319 1039 3377 Praetoriorum
1054 3321 1180 3378 Orientis

163 3390 265 3448 innuit.
338 3392 384 3458 58)
405 3390 443 3446 Co
466 3432 471 3445 .
496 3390 548 3444 δύο
566 3409 595 3446 τε
615 3389 666 3444 ἀπ’
687 3388 836 3459 Αἰγύπτου.
873 3391 957 3447 Forte
975 3392 1059 3448 malis
1078 3394 1130 3448 δύο
1148 3414 1181 3450 τε

163 3457 332 3532 έπ[αρχιο”ον]
350 3458 504 3530 Αἰγύπτου.
575 3462 601 3532 *γ
620 3460 687 3516 cod.
705 3469 739 3531 τῆ
758 3461 790 3516 δέ
810 3460 886 3532 ἰδικῆ
904 3471 938 3534 τῆ
958 3463 990 3518 δὲ
1009 3471 1114 3535 γενικῆ.
