2654 3922
521 204 740 268 -31-

125 364 339 445 εύπορήσειαν,
366 365 400 428 ίιι
421 376 480 427 τῶν
502 375 555 446 τῆς
577 365 738 448 ἁγιωτάτης
759 365 913 446 ἐκκλησίας
936 355 1091 449 χρημάτων
1113 389 1143 429 τε

128 461 180 524 καὶ
202 464 381 543 πραγμάτων
402 462 434 525 τδ
454 463 560 525 ίιιανδν
578 470 619 549 τῷ
638 465 770 547 δημοσίῳ
787 465 948 546 γενήσεται.
984 465 1012 526 εί
1029 463 1061 526 δὲ
1078 471 1143 527 τολ-

127 560 256 640 μήσουσι
274 561 356 642 παρὰ
373 561 497 643 γνώμην
514 571 568 623 τοῦ
586 562 818 640 θεοφιλεστάτου
835 561 998 625 ἐπισκόπου
1004 556 1043 646 72)
1058 561 1144 624 αύτολ

127 659 237 719 δοῦναι
270 657 374 739 λόγον,
406 659 443 720 ού
475 658 569 738 μόνον
600 657 679 720 ἔσται
705 659 738 720 τὸ
765 653 968 742 λεγόμενονῖῧ)
996 665 1144 733 παντελῶς

125 753 255 836 άιιυρον,
283 751 346 817 ἀλλ’
371 755 456 818 αὐτοὶ
483 755 538 835 τὴν
565 757 673 836 ζημίαν
694 758 916 837 θεραπεύσουσι
939 763 978 843 τῷ
1002 757 1144 843 δημοσίῳ,

126 861 181 914 τοῦ
205 854 426 935 μαιιαριωτάτου
447 854 637 936 πατριάρχου,
660 854 688 915 εί
704 862 790 916 τοῦτο
808 853 889 935 παρὰ
907 855 1031 936 γνώμην
1050 855 1143 916 αύτοῦ

126 949 277 1030 πράξειαν,
290 951 409 1023 πάντως
422 949 533 1024 αύτούς
546 950 597 1012 καλ
610 949 827 1023 άποιιινοῦντος
841 959 900 1012 τῶν
912 945 1144 1035 φροντίσεων74)

127 1039 171 1108 ὧν
205 1044 304 1126 ἔχουσι
336 1046 386 1108 καλ
414 1056 468 1127 τῆς
495 1047 658 1128 ἱερωσύνης
686 1046 887 1129 ἐμβάλλοντος.
933 1049 960 1110 εί
986 1045 1018 1109 δὲ
1046 1047 1144 1130 άρχων

126 1144 208 1226 παρὰ
234 1143 270 1205 τὰ
299 1143 514 1226 διηγορευμίνα
542 1146 609 1223 δοίη
637 1143 696 1206 τιυὶ
723 1144 811 1226 λόγον
838 1143 989 1223 ὀφείλοντι
1017 1146 1145 1226 δημόσια

127 1248 192 1315 ταῖς
212 1249 278 1315 σαῖς
295 1239 449 1324 τραπέζαις
468 1241 671 1324 άφωρισμένα,
692 1241 841 1305 τουτέστιν
858 1241 879 1323 ἢ
898 1240 914 1304 ὁ
933 1243 1145 1325 αύγουστάλιος

126 1337 148 1418 ἢ
185 1341 217 1401 οἱ
251 1339 447 1421 λαμπρότατοι
478 1343 632 1422 τριβούνοι
666 1338 711 1420 [ἢ]
746 1334 822 1423 05⁷⁶)
852 1342 1053 1423 πρωτεύοντες
1084 1351 1144 1404 τῶν

126 1438 295 1518 ταγμάτων,
326 1429 394 1517 τῆς
411 1460 441 1499 τε
473 1436 558 1512 ἀξίας
589 1436 639 1499 καί
670 1447 724 1518 τῆς
751 1437 855 1519 ἀρχῆς·
870 1439 1144 1519 παραλυθησονται,

128 1533 180 1595 καλ
202 1536 423 1616 θεραπεύσουσι
446 1541 486 1620 τῷ
511 1537 642 1622 δημοσίῳ
664 1535 719 1613 τὴν
742 1535 836 1615 αύτην
860 1537 967 1616 ζημίαν
990 1535 1040 1597 καὶ
1063 1537 1144 1598 ίδιῶ-

129 1654 176 1692 ται
199 1632 362 1712 γενόμενοι,
384 1631 435 1694 καί
457 1633 494 1695 ού
516 1632 666 1714 περιόντες
685 1631 779 1711 μόνον
797 1631 869 1692 ἀλλὰ
888 1632 927 1711 δη
944 1631 996 1693 καί
1012 1634 1144 1712 τελευτή·

129 1864 297 1939 locupletes
320 1883 380 1924 non
402 1864 528 1941 fuerint,
557 1883 593 1922 ex
614 1863 750 1940 pecuniis
774 1865 805 1922 et
826 1863 916 1922 rebus
940 1847 1145 1924 sanctissimae

128 1961 271 2020 eeclesiae
294 1960 414 2037 publico
438 1960 572 2020 satisfiet.
618 1960 705 2031 Quod
728 1961 753 2019 si
776 1960 835 2036 ipsi
857 1961 934 2019 oitra
956 1962 1146 2022 voluntatem

130 2059 189 2118 Dei
223 2058 422 2117 amantissimi
455 2058 670 2135 archiepiscopi
701 2057 789 2137 λόγον
822 2058 892 2117 dare
923 2059 1037 2118 fuerint
1069 2059 1145 2138 ausi,

129 2175 192 2215 non
214 2155 302 2215 modo
327 2156 408 2232 quod
431 2155 545 2215 dietum
568 2159 614 2214 est
636 2155 757 2231 penitus
781 2155 902 2214 irritum
925 2156 990 2234 erit,
1014 2157 1066 2216 sed
1088 2157 1147 2232 ipsi

130 2253 278 2311 damnum
299 2252 420 2328 publico
443 2233 618 2330 resardient‚
642 2254 673 2311 et
695 2253 889 2311 beatissimus
912 2254 1097 2332 patriarcha,
1122 2254 1148 2313 si

128 2352 186 2411 hoc
209 2354 330 2426 praeter
350 2351 540 2410 voluntatem
564 2350 628 2408 eius
651 2349 785 2427 fecerint,
809 2367 859 2408 eos
883 2351 1003 2410 omnino
1023 2371 1042 2410 a
1060 2352 1148 2410 mini·

130 2448 231 2508 storiis
259 2466 336 2523 quae
364 2448 476 2507 habent
503 2446 669 2506 removebit
696 2448 727 2505 et
750 2466 766 2505 e
790 2447 957 2506 sacerdotio
981 2447 1076 2506 eiciet.
1115 2448 1148 2506 si

129 2565 215 2614 uero¹
231 2545 320 2604 iudex
347 2547 451 2605 eontra
478 2545 575 2605 vetite.
601 2543 717 2603 dederit
743 2541 832 2622 λόγον
860 2543 992 2619 cuipiam
1015 2545 1069 2620 qui
1091 2564 1147 2621 pu-

129 2643 210 2702 bliea
239 2642 349 2701 mensis
376 2643 438 2701 tuis
461 2642 608 2719 deputata
631 2641 732 2719 debet,
760 2641 791 2699 id
814 2644 860 2699 est
883 2640 945 2700 sive
968 2641 1147 2719 Augustalis

132 2741 195 2801 sive
215 2739 377 2808 ,clarissimi
399 2739 514 2798 tribuni
538 2739 599 2799 sive
622 2739 736 2814 priores
759 2738 935 2816 cohortium,
959 2757 977 2796 a
1000 2739 1149 2818 dignitate

132 2841 164 2896 et
184 2837 443 2897 administratione
462 2836 704 2914 removebuntur,
723 2837 754 2894 et
771 2836 893 2912 publico
912 2835 991 2895 idem
1006 2837 1149 2897 damnum

129 2934 294 3018 resarcient
320 2935 370 2994 vel
396 2934 509 3010 privati
531 2934 618 3010 facti,
645 2952 700 2992 neo
723 2933 899 3009 superstites
923 2934 1021 2993 solum
1043 2955 1149 2996 verum

205 3143 249 3210 72)
274 3137 372 3192 Malim
396 3137 626 3208 άρχιεπιωιύτιοο.
660 3137 735 3192 Nam
755 3153 847 3192 sermo
867 3138 910 3191 est
929 3137 964 3192 de
982 3135 1150 3191 Patriareha

130 3209 181 3278 qui
208 3210 240 3264 et
266 3205 483 3279 ἀρχιεπίσιιοτιος
511 3208 679 3278 appellatur.
721 3207 777 3262 Sed
805 3210 834 3262 et
861 3223 947 3276 supra
968 3225 995 3277 p.
1012 3212 1045 3262 27
1065 3206 1146 3263 lina

132 3279 302 3350 simpliciter
315 3275 471 3361 ,ἐπίσκοπος
489 3281 576 3362 audit.
650 3280 695 3348 ⁷3)
714 3279 735 3334 I.
755 3295 778 3334 e.
797 3276 922 3360 uerbum,
941 3277 1015 3332 siout
1033 3276 1048 3331 ὁ
1067 3275 1151 3402 λόηιη

129 3351 698 3548 {b9ne12tth21ztgffitgzz3ngvreddrag.hstias
699 3347 791 3474 )ο.ν1(λί
806 3347 1151 3491 {udedaddalddrvdddstse

145 3512 216 3556 ντες.
