2654 3922
549 157 767 232 *3*

149 324 200 392 καλ
232 322 413 413 σαφεστέραν
445 329 612 391 ποιούντων
643 328 698 408 τὴν
730 337 783 410 τῆς
809 324 985 412 εἰσπράξεως
1013 325 1164 394 εὐκολίαν·

598 419 651 510 τοι)

149 427 234 491 αὐτοὶ
255 427 310 511 γὰρ
334 435 425 490 ταῦτα
447 427 593 510 προίξουσι
674 425 725 488 καί
746 425 881 490 ἐνταῦθα
903 427 1064 508 πέμψουσι.

217 525 278 588 Καὶ
305 523 372 587 ούτε
400 525 488 606 λόγον
515 523 637 597 ἀσυλίας
666 525 753 587 δώσει
779 524 836 605 τίς,
865 526 920 587 εἴτε
948 523 963 588 δ
990 525 1046 606 τὴν
1072 525 1165 610 ἀρχὴν

149 624 224 705 ἔχων
251 623 308 684 εἴτε
334 622 446 696 πόλεως
473 621 632 695 ἐπίσκοπος
659 623 715 683 εἴτε
738 620 754 684 δ
776 630 828 702 τῆς
848 617 1063 706 Ἀλεξανδρέων
1084 625 1166 707 περί-

148 724 274 803 βλεπτος
297 720 518 802 αύγουστύλιος,
541 720 568 781 εί
589 720 630 801 μὴ
652 719 810 802 πρόσταξις
831 719 951 802 γίνηται
973 731 1026 783 τού
1048 721 1165 805 θρόνου

148 829 201 880 τοῦ
231 827 286 879 σού
308 827 399 880 ταῦτα
422 815 602 898 βουλομένη,
629 815 722 897 dicct
745 817 830 880 αύτολ
852 820 884 880 οί
903 819 1073 901 τρακτενταί
1094 818 1115 900 ἢ
1138 821 1169 881 οί

148 916 327 998 σκρινιύριοι
357 913 377 996 ἢ
409 915 440 976 oi
468 914 520 976 cdv
547 914 639 976 τόπον
665 914 764 977 αὐτῶν
791 914 942 997 ἐπέχοντες
968 927 1055 979 τοῦτο
1084 917 1166 996 αἰτή-

0 1030 4 1037 ·
54 1094 56 1100 Ι
151 1032 268 1093 σονσιν,
298 1013 347 1074 ἐπὶ
373 1023 425 1092 τῆς
452 1012 545 1092 αὐτῆς
572 1011 672 1092 μέντοι
697 1014 882 1096 προθεσμίας
908 1013 958 1076 καὶ
981 1013 1029 1076 ἐπὶ
1051 1015 1166 1088 τούτοις

48 1115 55 1139 ’
151 1119 213 1186 τοῖς
241 1111 338 1195 ὅροις,
365 1105 415 1190 ἐφ’
446 1105 491 1185 οἷς
520 1109 559 1172 δν
589 1107 741 1192 δθρύνος
765 1110 781 1173 δ
804 1110 854 1184 σὸς
877 1111 1106 1194 προστάξειενῆ

1111 1105 1165 1194 235)

149 1210 201 1272 καλ
223 1209 309 1273 αύτολ
326 1212 505 1290 βουληθεῖεν
523 1218 615 1270 ταῦτα
632 1207 785 1291 γενέσθαι·
807 1208 886 1289 πλὴν
904 1210 932 1273 εἰ
949 1209 990 1290 μὴ
1008 1209 1060 1272 τὸν
1078 1209 1166 1291 λόγον

149 1306 201 1369 ἐπί
219 1308 311 1394 τούτῳ
330 1307 421 1386 δοῖεν,
438 1300 489 1385 ἐφ’
510 1300 591 1391 οίς*)
611 1307 678 1369 εἴσω
692 1309 790 1390 ῥητῶν
805 1304 949 1391 [ἡμερῶν]
956 1301 1009 1392 ²³⁰)
1028 1307 1166 1382 ἐξελθόν-

150 1430 203 1480 τας
233 1404 341 1478 αύτούς
367 1403 450 1476 ἕκτδς
480 1412 539 1465 τῶν
563 1406 650 1486 ἱερῶν
672 1405 788 1488 χωρίων
810 1406 955 1488 πρόνοιαν
977 1403 1091 1468 θέσθαι
1113 1415 1166 1468 τοῦ

153 1513 226 1565 πᾶσι
256 1502 377 1584 τρόποις
406 1507 560 1586 πληρῶσαι
591 1502 623 1564 τὸ
656 1502 800 1582 δημόσιον
837 1501 857 1584 ἢ
888 1504 921 1565 τὸ
955 1503 1060 1566 ίκανδν
1087 1503 1166 1589 αύτῷ

151 1609 287 1682 ποιῆσαι,
315 1598 356 1674 ὡς
382 1597 421 1661 δν
448 1610 534 1662 τούτο
561 1602 663 1680 λαβεῖν
690 1594 778 1685 cim)
809 1602 985 1684 σκρινιοίριοι
1006 1611 1060 1663 τού
1084 1602 1166 1662 δικα-

1 1729 3 1762 2
47 1723 49 1763 ι
154 1700 275 1782 στηρίου
298 1709 350 1760 τοῦ
375 1707 429 1759 σού
453 1699 486 1761 oi
504 1696 571 1780 περὶ
594 1698 700 1760 τούτου
718 1699 943 1772 κινδυνεύοντες
962 1695 1083 1760 ἕλοιντο.
1097 1769 1099 1772 ,
1115 1697 1167 1760 τὸν

148 1923 234 1986 iectis
266 1927 297 1984 et
330 1924 545 1986 evidentiorem
576 1923 757 1984 facientibus
789 1921 952 1984 exactionis
975 1921 1167 1983 facilitatem:
1207 1938 1209 1942 ’

149 2022 196 2081 illi
219 2022 333 2084 scilicet
355 2024 429 2084 haec
450 2024 600 2100 peragant
622 2024 654 2083 et
675 2023 734 2082 huc
756 2021 889 2081 mittant.

220 2118 253 2196 [ἕ
277 2123 306 2179 4.
347 2121 395 2180 De
424 2118 502 2206 λόγῳ
525 2110 646 2198 propter
667 2121 789 2195 pastea
816 2117 937 2196 dando]
987 2120 1050 2182 Nec
1077 2117 1166 2201 λόγον

153 2217 231 2295 asyli
250 2216 411 2294 quisquam
430 2218 515 2278 dabit
533 2218 594 2278 sive
614 2217 668 2294 qui
686 2214 977 2279 administrationem
994 2218 1086 2278 habet
1105 2218 1167 2280 sive

149 2317 232 2376 urbis
276 2316 432 2392 episcopus
469 2316 531 2377 sive
567 2313 651 2376 urbis
687 2315 959 2377 Alexandrinorum
994 2317 1167 2393 spectabilis

150 2414 345 2493 Augustalis,
376 2413 435 2474 nisi
462 2414 555 2475 iussio
584 2434 602 2474 a
630 2415 738 2475 throno
766 2418 819 2474 tuo
843 2414 987 2491 procedat
1009 2432 1086 2490 quae
1109 2415 1165 2475 hoc

152 2511 296 2590 voluerit,
329 2515 384 2572 aut
416 2512 508 2572 etiam
535 2512 594 2589 ipsi
620 2513 799 2573 tractatores
826 2515 858 2572 et
885 2511 1034 2572 scriniarii
1061 2513 1168 2588 etqui

150 2629 254 2670 eorum
281 2609 382 2671 locum
410 2610 547 2672 obtinent
573 2611 605 2670 id
631 2609 787 2690 petierint,
816 2609 871 2669 sub
899 2610 1003 2670 eadem
1026 2609 1168 2668 nimirum

151 2708 295 2768 dilatione
319 2711 350 2768 et
372 2708 428 2768 sub
451 2709 563 2769 eisdem
586 2708 823 2787 condicionibus,
847 2708 902 2768 sub
927 2707 1036 2785 quibus
1054 2708 1086 2768 id
1102 2707 1167 2768 fieri
1268 2713 1272 2720 '

149 2807 278 2867 thronus
306 2808 379 2865 tuus
405 2806 593 2884 praeceperit
620 2810 675 2867 aut
698 2807 791 2867 etiam
813 2807 872 2884 ipsi
894 2805 1054 2867 volueriut.
1100 2804 1168 2866 Nisi

148 2903 238 2984 λόγον
266 2904 305 2964 ad
331 2905 388 2965 hoc
416 2904 499 2982 dent,
527 2907 563 2962 ut
590 2903 671 2964 intra
698 2907 794 2966 certos
823 2904 885 2964 dies
914 2923 930 2964 e
960 2903 1070 2964 sanctis
1093 2903 1166 2964 locis

149 3003 260 3081 egressi
283 3001 439 3081 providere
462 3002 579 3079 possint
600 3005 637 3062 ut
660 3003 798 3063 omnibus
821 3003 918 3064 modis
941 3002 1062 3080 publico
1087 3001 1167 3061 debi-

151 3102 219 3158 tum
240 3101 398 3163 exsolvant
420 3100 469 3160 vel
488 3097 562 3160 satis
581 3099 609 3160 ei
626 3101 741 3161 faciant
760 3101 1014 3178 quemadmodum
1032 3100 1166 3177 accipere

151 3195 300 3257 scriniarii
317 3198 479 3258 tribunalis
498 3198 545 3258 tui
562 3201 670 3275 utpote
688 3199 779 3258 huius
797 3199 966 3276 pe1iculum
985 3197 1167 3258 sustinentes

226 3407 289 3474 234)
317 3401 401 3460 Forte
429 3401 617 3476 ελσκράξουσι,
716 3407 780 3475 236)
810 3403 878 3460 God.
906 3402 940 3462 εἰ.
1038 3405 1064 3471 *)
1092 3403 1167 3473 Lege

149 3469 198 3544 ἐφ’
221 3469 251 3548 ᾧ.
320 3478 385 3547 236)
408 3476 474 3532 Cod.
493 3474 646 3547 είσορητδν.
715 3479 779 3546 237)
798 3475 865 3532 eod.
885 3477 1006 3548 λάβοιεν.

202 3575 363 3616 Zachariae
383 3587 397 3616 a
411 3575 601 3627 Lingenthal.
901 3565 954 3622 με*
