2654 3922
599 198 819 262 „52ss

201 372 369 446 στρατιῶται
392 369 455 434 ταῖς
473 361 565 423 αὐτοῦ
584 362 749 422 κελεύσεσιν
770 359 1021 441 ὑκηρετούμενοι·
1045 355 1173 434 λήψεται
1191 351 1225 415 δὲ

203 460 253 522 καὶ
276 460 364 532 αὐτὸς
388 459 438 531 τὰς
457 456 664 541 ἀφωρισμένοις
683 457 763 542 αὐτῷ
783 456 921 535 σιτήσεις,
945 452 1018 536 ὑπὲρ
1038 452 1092 534 μέν
1111 464 1172 514 τῶν
1191 452 1225 512 ἒν

201 559 272 620 εἴδει
295 556 431 618 ἀννόνων
454 555 652 635 ἐννενήκοντα
673 554 724 616 καὶ
748 555 880 616 καττίτων
904 552 1008 614 ἑκατὸν
1027 552 1118 613 εἴκοσι
1137 551 1226 630 νομί-

203 674 296 736 σματα
327 655 403 735 χίλια
431 651 517 714 πέντε
543 645 776 735 foronomum),
809 649 885 732 ὑπὲρ
916 649 947 712 δὲ
976 657 1035 711 τῶν
1063 648 1096 710 έν
1124 653 1225 732 χρυσῷ

202 751 339 813 ἀκμόνων
375 751 558 830 πεντήκοντα
593 748 643 811 καὶ
674 751 806 812 καττίτοιν
840 748 1024 827 πεντήκοντα
1056 747 1227 826 νομίσματα

203 849 387 931 τετρακόσια,
418 848 468 910 καὶ
499 848 572 930 πρός
603 869 635 929 με
666 845 685 926 ἡ
718 845 885 926 πειθομένη
917 846 997 919 τάξις
1027 843 1107 928 αὐτῷ
1136 845 1225 923 νομί-

203 964 298 1028 σματα
320 943 388 1028 ρττζ’
410 947 516 1027 ήμισο,
543 943 593 1006 καὶ
616 946 648 1006 ol
668 946 841 1027 στρατιῶταί
862 967 895 1025 γε
919 942 994 1022 μὴν,
1023 939 1173 1004 τουτέστιν
1196 941 1229 1001 οἱ

203 1042 235 1106 έκ
266 1053 325 1105 τῶν
356 1045 500 1124 Λιβυκῶν
529 1037 748 1104 Ἰοοστινιανῶν
780 1041 831 1103 καὶ
862 1045 1075 1122 Παρατονιτῶν
1102 1033 1226 1100 Ἰονστι-
1304 1069 1305 1104 1

203 1133 375 1222 vravovlll)
393 1140 546 1222 ταγμάτων
564 1136 766 1221 ἀφωρισμένοι
784 1145 846 1211 τοῖς
866 1135 1034 1220 εἰρημένοις
1052 1129 1226 1216 vononem),

203 1238 255 1311 τὰς
287 1238 396 1310 οἰκείας
428 1236 554 1316 σιτήσεις
585 1237 722 1318 καθάπερ
755 1235 858 1309 αὐτοῖς
893 1235 979 1316 ὥρισε
1011 1233 1043 1295 τὸ
1078 1233 1225 1312 δημόσιον

203 1334 362 1412 λήψονται
388 1335 478 1414 δῆλον
502 1332 545 1413 δέ,
568 1334 612 1395 ὅτι
633 1332 684 1395 καὶ
702 1333 819 1394 ἅπαντα
839 1333 876 1393 τὰ
895 1330 1035 1413 σολέμνια
1052 1330 1087 1392 τὰ
1108 1330 1139 1391 έν
1158 1335 1223 1402 ταῖς

203 1430 304 1491 πόλεσι
326 1435 389 1503 ταῖς
412 1424 564 1512 αὐτοῦέέθ)
586 1429 796 1509 έττιδοθήσεται
819 1431 961 1512 καθάπερ
985 1429 1035 1490 καὶ
1058 1427 1140 1510 μέχρι
1163 1437 1223 1488 νῦν

204 1526 364 1590 έττεδίδοτο.
401 1524 509 1608 ὁμοίως
533 1525 564 1589 δέ
587 1526 637 1589 καὶ
660 1524 676 1588 ὁ
699 1527 853 1609 ἐπιχώριος
881 1525 980 1609 ἅρχων
1002 1524 1053 1587 καὶ
1075 1523 1095 1604 ή
1117 1531 1224 1586 πειθο-

1304 1631 1305 1670 ι

1304 1681 1305 1724 l

205 1733 270 1810 ipso
298 1733 456 1793 constituti
479 1735 567 1793 erunt
590 1734 643 1810 qui
666 1733 761 1809 ipsius
784 1733 876 1791 iussis
904 1732 1123 1808 obsequantur:
1148 1730 1225 1789 aooi-
1304 1727 1305 1820 J

205 1831 269 1906 piet
296 1833 398 1890 autem
425 1833 456 1889 et
482 1831 546 1907 ipse
574 1849 707 1891 annonas
730 1830 789 1907 ipsi
812 1830 990 1907 deputatas,
1018 1847 1073 1904 pro
1097 1827 1223 1887 annonis
1304 1891 1305 1910 ἓ

204 1927 236 1985 in
260 1927 357 2003 specie
378 1927 545 2004 nonaginta
568 1931 598 1986 et
621 1928 770 2004 capitibus
796 1930 921 1988 eentum
939 1929 970 1985 et
987 1925 1097 2004 viginti
1117 1942 1224 1984 aureos

205 2023 288 2082 mille
306 2022 439 2099 quinque
454 2027 484 2082 et
497 2024 632 2102 triginta,
651 2044 705 2099 pro
721 2025 847 2085 annonis
863 2025 895 2083 in
911 2043 984 2084 auro
1000 2021 1224 2100 quinquaginta
1304 2017 1305 2082 ι

206 2122 237 2178 et
255 2119 404 2195 capitibus
423 2121 647 2198 quinquaginta
665 2140 771 2181 aureos
788 2123 1038 2199 quadringentoS,
1057 2123 1088 2178 et
1101 2120 1225 2196 insuper
1304 2123 1305 2196 ᾗ

206 2217 340 2278 officium
354 2217 418 2277 eius
434 2237 538 2278 aureos
550 2217 740 2277 CLXXXVI]
754 2218 924 2297 dimidium,
935 2221 966 2277 et
980 2217 1090 2276 milites
1101 2217 1223 2294 seilicet,
1304 2253 1305 2256 =

206 2307 306 2375 idest
324 2315 377 2392 qni
401 2336 436 2376 ex
453 2316 573 2393 Libyeis
591 2315 768 2376 Iustinianis
788 2319 818 2375 et
837 2315 1026 2376 Paratonitis
1045 2313 1222 2373 Iustinianis
1304 2355 1305 2358 ,

208 2415 247 2474 ad
269 2415 349 2475 diota
371 2415 437 2475 looa
460 2415 598 2490 deputati
619 2417 699 2492 sunt,
724 2431 860 2473 annonas
879 2431 951 2472 suas
971 2411 1223 2488 quemadmodum

208 2513 363 2591 publicum
390 2513 433 2571 eis
460 2511 626 2571 definiverit
655 2511 809 2586 accipient.
859 2511 1056 2570 Manifestum
1082 2528 1154 2568 vero
1178 2511 1223 2566 est
1304 2565 1305 2570 ,

209 2611 290 2686 quod
317 2613 348 2668 et
375 2609 475 2669 omnia
503 2607 637 2666 solennia
659 2608 691 2665 in
713 2607 838 2667 urbibus
862 2607 921 2683 ipsi
945 2606 1086 2666 subiectis
1110 2605 1223 2664 dabun-
1304 2637 1305 2696 j

209 2709 261 2764 tur
287 2705 539 2782 quemadmodum
566 2705 657 2764 etiam
683 2705 829 2764 haetenus
857 2705 930 2763 data
953 2708 1032 2764 sunt.
1079 2703 1225 2762 Similiter
1304 2697 1305 2748 l

209 2805 240 2862 et
262 2802 403 2879 indigena
425 2800 515 2861 iudex
537 2805 568 2860 et
591 2800 724 2861 offioium
742 2803 770 2862 ei
788 2804 998 2878 obtemperans
1017 2801 1154 2878 proprias
1173 2819 1224 2859 an·
1304 2847 1305 2896 ζ

284 2989 344 3055 146)
363 2984 430 3042 cod.
457 2985 597 3058 τέταρτον.
635 2987 690 3043 Sed
718 2989 742 3043 si
765 3006 816 3058 pro
841 3005 954 3043 annona
977 2983 1008 3043 έν
1032 2988 1102 3042 εἴδει
1119 3001 1224 3040 ¹aureos

212 3056 336 3126 quinque
360 3060 388 3112 et
411 3057 571 3128 dimidium,
595 3075 646 3130 pro
667 3059 765 3129 eapitu
784 3055 815 3114 έν
836 3061 906 3115 εἴδει
925 3074 1023 3114 aureos
1042 3059 1177 3126 quattuor
1195 3063 1225 3111 et

211 3127 361 3183 dimidium
388 3129 606 3199 computaveris,
635 3129 795 3185 efficiuntur
823 3131 902 3186 aurei
932 3137 1009 3186 1035.
1050 3129 1171 3182 Annona
1195 3130 1225 3182 et
1304 3119 1305 3152 ³

210 3199 336 3270 capitum
359 3195 390 3255 έν
413 3206 503 3273 χρυσῷ
522 3203 657 3268 quattuor
675 3218 823 3256 aureorum
842 3204 892 3257 est.
920 3201 1020 3269 ltaque
1034 3197 1221 3268 Δίτέταοτον)
1304 3249 1305 3252 ,

211 3286 274 3324 eum
288 3276 312 3324 Λ
325 3270 497 3342 (τριάκοντα)
515 3274 706 3341 permutatum
725 3288 786 3328 esse
806 3273 934 3327 arbitror.
992 3275 1054 3339 147)
1069 3269 1137 3325 Ood.
1152 3267 1181 3324 οἱ
1190 3263 1223 3322 ’ἐκ

211 3341 316 3396 τούτων
339 3342 451 3415 Λιβύων
474 3339 570 3398 Ἰονστ.
598 3344 647 3397 καὶ
673 3341 752 3411 τταροέ
779 3363 835 3399 τινι
863 3351 918 3398 τῶν
942 3340 1038 3397 ’loona
1066 3349 1122 3396 τῶν
1145 3359 1223 3409 ταμμ.
1304 3371 1305 3408 3

212 3410 423 3482 ἀφωρισμένων.
492 3415 554 3483 148)
573 3415 591 3469 i.
606 3430 630 3468 o.
648 3413 831 3468 Paratonium
848 3416 877 3469 et
899 3413 1040 3470 subiectas
1055 3410 1120 3465 dnoi
1134 3410 1224 3466 urbes.
1304 3435 1305 3442 ο

214 3484 276 3550 149)
295 3481 361 3537 cod.
381 3483 481 3539 atrato.
519 3483 574 3538 Sed
593 3483 627 3538 de
647 3483 764 3539 urbibus
783 3484 849 3540 duci
868 3483 1005 3539 subiectis
1025 3498 1116 3538 sermo
1135 3483 1186 3536 est.
