2654 3922
581 169 796 232 „10-

179 334 335 394 exaratum
355 350 421 392 esse
440 333 577 394 arbitror.
615 332 652 391 In
669 332 759 392 libro:
783 332 928 409 Exempla
947 331 1089 393 Codicum
1108 351 1194 409 gracy

182 441 285 480 corum
308 421 353 480 ed.
373 420 407 481 G.
422 420 624 481 wattenbach
648 424 679 481 et
697 420 733 480 A.
752 441 811 482 von
823 421 935 482 Velsen
953 419 1091 481 Heidelb.
1108 423 1169 481 187
1174 423 1193 480 8

179 510 287 569 tabula
304 509 329 568 11
349 510 507 570 exhibetur
529 510 630 587 imago
653 510 704 571 fol.
726 511 809 571 163·
827 509 943 570 CodioIs
962 510 1080 585 Veneti,
1102 513 1134 569 ct
1156 510 1194 568 ad

183 616 250 658 eam
264 601 401 658 auctores
415 598 576 676 affirmant,
591 597 731 660 Oodicem
739 600 779 659 ab
789 617 849 659 uno
858 597 981 660 librario
991 599 1111 658 sacculo
1120 597 1195 656 XIII

181 687 326 762 scriptum
347 705 422 748 esse.

247 803 276 859 p.
301 787 317 842 l
342 784 394 844 lin.
420 787 459 844 12
484 784 611 862 legerim
634 780 683 842 καὶ
706 780 917 862 καταθεμένην.

247 891 276 947 p.
298 875 315 930 6
340 873 390 932 lin.
413 874 452 931 12
476 867 554 953 picem
576 891 630 949 pro
653 867 762 954 ᾔτησας
784 873 917 950 legerim,
942 873 1052 950 quippe
1071 873 1195 950 propius

180 960 297 1020 aceedit
319 959 357 1019 ad
379 961 539 1021 laetiorem
560 959 636 1020 Ver.
660 959 691 1020 εἷ’
708 982 759 1033 τις.

248 1079 278 1134 p.
302 1062 320 1119 7
353 1063 414 1120 not.
443 1061 461 1118 3
495 1059 596 1134 potius
633 1055 773 1137 ἐπαρχίας
808 1051 954 1139 αῠρύπτοα
990 1053 1107 1136 πρώτης
1142 1060 1196 1136 τῆς

181 1145 376 1226 αἰγυπτιακῆς
400 1141 581 1226 διοικήσεως,
604 1150 639 1205 ut
663 1149 710 1206 est
733 1147 942 1224 corrigendum
964 1147 1045 1224 apud
1062 1147 1196 1223 Parthcy

181 1235 201 1294 l.
215 1253 240 1295 c.
262 1255 291 1311 p.
307 1237 358 1296 80.
394 1236 504 1296 Postea
528 1229 566 1318 (c.
589 1233 687 1294 xcvl
710 1253 733 1294 o.
756 1238 782 1294 1.
807 1233 841 1312 2)
864 1237 947 1296 duoIs
971 1239 1002 1296 et
1025 1235 1195 1312 augustalis

181 1324 379 1400 magistratus
402 1325 435 1383 in
457 1344 550 1383 unum
573 1324 755 1384 coaluerunt.

249 1442 277 1498 p.
303 1424 321 1482 9
346 1421 397 1482 lin.
424 1423 473 1482 16.
497 1420 595 1492 Quid?
620 1421 645 1480 si
668 1415 871 1502 ἆπαγορεῦσαί
891 1438 922 1481 σε
944 1419 1102 1500 legamus?

249 1539 278 1596 p.
302 1520 344 1579 10
372 1520 422 1580 lin.
449 1521 490 1579 10
514 1538 532 1578 a
558 1518 625 1580 fine.
659 1512 796 1579 Ἐθνιποὶ
824 1512 982 1580 ἆπαδὲπται
1010 1511 1089 1600 (sive
1116 1517 1196 1595 quod

184 1609 283 1686 magis
306 1608 452 1668 usiletum
476 1610 523 1668 est
550 1600 723 1690 ὑποδέπται)
747 1607 819 1684 quid
842 1609 899 1668 sibi
922 1608 1017 1668 velint
1039 1625 1099 1666 non
1122 1606 1196 1666 satis

181 1713 341 1774 assequor:
368 1697 504 1774 gentium
532 1700 721 1774 susceptores
751 1697 889 1773 equidem
910 1717 972 1758 non
992 1696 1126 1756 memimi
1149 1713 1197 1754 me
1322 1745 1323 1750 ,

182 1804 311 1862 usquam
338 1785 451 1846 vidisse
479 1785 627 1848 laudatos.
672 1785 763 1846 Forte
790 1785 952 1862 legendum
979 1777 1115 1866 γενικοὺς
1142 1802 1197 1860 pro

183 1867 338 1950 ἐθνιποὺς,
366 1876 401 1933 ut
425 1875 461 1932 de
485 1873 707 1951 susceptoribus
731 1892 828 1933 sermo
852 1873 904 1950 sit,
933 1873 984 1950 qui
1008 1872 1122 1932 arcaria
1144 1871 1199 1930 tri·

183 1962 258 2021 buta
281 1964 311 2022 et
335 1962 423 2022 simul
447 1981 554 2021 aurum
576 1961 768 2038 largItionale
788 1961 962 2039 suscipiunt,
986 1965 1198 2037 contraquam

183 2051 334 2110 statuerat
356 2052 376 2112 I.
401 2051 441 2110 13
467 2049 499 2110 6.
523 2050 559 2110 de
583 2050 815 2127 susceptoribus.

249 2167 278 2223 p.
295 2150 335 2207 13
355 2149 417 2208 not.
435 2149 461 2206 6.
492 2145 594 2206 Lectio
618 2145 735 2206 Veneta
758 2146 808 2206 δεῖ
825 2165 886 2206 non
909 2151 956 2207 est
978 2167 1031 2208 our
1052 2149 1197 2206 mutetur.

184 2234 307 2295 Comma
330 2239 401 2294 ante
425 2235 474 2295 δεῖ
493 2235 651 2294 delendum
675 2239 731 2296 est.

251 2353 280 2408 p.
306 2335 430 2404 16,not.
455 2335 475 2392 4
499 2332 684 2410 „insularum
712 2330 928 2394 Sardiniee“
952 2327 1021 2414 (pro
1050 2324 1197 2410 stricto)

183 2419 305 2482 firmant
328 2421 482 2482 Hierocles
506 2419 552 2482 ed.
575 2421 708 2498 Parthey
730 2441 768 2510 p.
784 2423 834 2483 51.
861 2425 899 2483 79
926 2427 957 2482 et
979 2421 1057 2482 iufra
1080 2443 1108 2498 p
1134 2421 1197 2480 153

184 2511 235 2570 lin.
261 2514 279 2571 7
304 2513 335 2571 et
358 2512 423 2572 500
446 2511 498 2570 lin.
523 2511 552 2569 2.

253 2612 314 2669 not.
339 2610 368 2670 5.
397 2606 500 2666 Verba
527 2607 577 2684 „in
604 2603 856 2684 quinquennium
886 2627 946 2668 nou
969 2609 1040 2668 sunt
1063 2606 1200 2683 delenda,
1322 2617 1323 2626 ¹

184 2707 295 2782 quippe
313 2704 413 2780 potius
432 2704 594 2781 legendum
613 2708 660 2765 est
678 2705 727 2781 „id
745 2708 793 2778 est
811 2705 843 2766 In
861 2703 979 2782 quinq.“
998 2707 1033 2763 ut
1052 2703 1200 2766 Satellius
1322 2721 1323 2724 ¹

186 2793 329 2854 Codicum
351 2794 532 2853 auctoritate
555 2795 697 2870 reposuit.
821 2851 824 2860 ,

189 2947 192 2956 .
250 2911 279 2966 p.
306 2893 346 2951 19
374 2893 436 2951 not.
461 2893 479 2951 6
509 2884 614 2952 ἄδειαν
639 2887 800 2970 παρεχέτω,
830 2893 909 2969 quod
937 2895 968 2952 et
994 2891 1075 2953 Flor.
1098 2892 1202 2968 habet,

186 2980 259 3040 ferri
272 2983 381 3055 potest.
416 2979 582 3040 Heloandri
597 2983 699 3040 tamen
712 2981 914 3041 coniecturam
927 2975 1014 3041 ἄδεια
1026 2976 1200 3058 compluto
1322 3009 1323 3070 ρ

187 3067 288 3127 firmat
311 3068 405 3130 Auth.

252 3185 281 3242 p.
307 3167 348 3226 20
377 3166 428 3224 lin.
454 3167 493 3225 1'8
524 3166 627 3226 malim
653 3158 706 3226 τὸν
734 3161 886 3244 δημόσιον.
937 3167 1084 3227 Librariis
1112 3165 1201 3226 modo

183 3248 216 3315 τὸ
240 3248 385 3332 δημόσιον
408 3253 496 3314 modo
518 3247 536 3314 ὁ
561 3248 704 3333 δημόσιος
728 3255 878 3316 scribitur.

251 3371 279 3427 p.
305 3354 345 3412 22
375 3351 425 3414 lin.
450 3355 480 3414 9.
516 3351 640 3412 Schell
677 3353 769 3412 verbu
805 3347 854 3410 nui
891 3349 1203 3430 φιδειπαμμισσαρίους

185 3439 330 3501 excidisse
353 3445 449 3518 putat.
