2654 3922
577 191 796 255 -46-

182 358 235 410 τοῦ
262 346 423 431 ἐξαγωγίου
450 353 641 431 νομισμάτων
664 348 705 434 ρ’,
731 352 784 415 τὸν
807 349 839 414 δέ
862 350 934 414 κατὰ
958 351 1062 434 καιρὸν
1085 349 1203 430 αὔγου-

182 446 300 508 στάλιον
322 448 508 528 τριακοσίους
530 448 623 512 εἴκοσι
645 450 773 531 χρυσοδς
795 450 969 530 κομίζεσθαι
990 446 1065 530 ὑπὲρ
1088 449 1203 510 πώλων

182 544 339 624 τριάκοντα
361 542 402 624 ἕξ,
426 543 478 618 οὓς
501 540 651 629 αὐτδςΰῦ)
669 545 786 629 παρέχει
805 540 941 629 [tai]1²⁷)
959 559 994 632 τη
1014 548 1204 631 ἱπποδρομίᾳ

182 649 234 720 τῆς
253 639 410 723 εἰρημένης
428 652 487 704 τῶν
502 637 716 728 Ἀλεξανδρέων
734 645 858 717 πόλεως·
877 644 1028 707 καὶτοῦτο
1047 644 1080 706 τὸ
1099 655 1204 726 σχῆμα

183 731 340 820 ueroeam)
366 739 404 802 od
427 740 521 820 μόνον
546 740 619 820 [ἐπί]
644 752 697 823 τῆς
719 743 904 824 Στρατηγίου
927 750 980 805 τοῦ
1002 741 1202 817 ένδοξοτάτου

180 832 286 917 ἀρχῆς,
313 833 384 897 άλλδι
416 838 467 899 καί
494 837 575 922 μέχρι
602 850 655 920 τῆς
683 838 821 922 δευτέρας
842 839 1039 920 έπινεμήσεως
1062 850 1115 902 τοῦ
1138 861 1201 900 πα·

129 1001 133 1010 ,
181 932 346 1019 ρηεχηκότος
373 936 485 997 κύκλου
507 946 559 1018 τῆς
582 937 639 1019 πρὸ
662 936 736 999 ἐτῶν
758 938 973 999 πεντεκαίδεκα.
1018 935 1048 1011 έξ
1078 936 1201 999 ἐκείνου

181 1028 214 1090 δέ
236 1053 325 1092 τινων
348 1029 402 1112 μέν
427 1035 564 1119 ῥᾳθυμίᾳ
581 1044 672 1097 τινῶν
691 1032 724 1097 δέ
741 1035 905 1120 κακουργίᾳ
923 1043 982 1095 τῶν
1002 1032 1033 1095 δὲ
1052 1037 1201 1096 πλείστων

180 1130 275 1214 κλοπῇ
289 1128 321 1190 τὸ
335 1139 455 1212 πρᾶγμα
467 1131 541 1192 κατά
556 1132 662 1213 μικρὸν
676 1131 887 1212 ἐλαττωθῆναι,
905 1131 955 1193 καί
969 1130 1200 1214 ἀποστερεῖσθαι

180 1223 230 1284 καί
251 1225 286 1285 τδι
310 1226 437 1306 δημόσια
459 1230 600 1308 βαλανεῖα
622 1239 675 1310 τῆς
697 1237 756 1290 τῶν
778 1229 971 1312 τετρακοσίων
994 1227 1197 1308 ἐννενήκοντα

181 1320 236 1382 δύο
263 1325 451 1402 νομισμάτων
478 1326 639 1406 ποσότητος
666 1326 717 1388 καί
743 1326 778 1388 τδι
805 1331 900 1389 ναῦλα
926 1335 979 1405 τῆς
1006 1335 1066 1388 τῶν
1088 1349 1197 1388 πεντα-

180 1419 290 1479 κοσίων
325 1420 509 1499 πεντήκοντα
543 1421 619 1485 ὀκτὼ
655 1421 783 1504 ἡμίσεως
819 1424 1007 1504 νομισμάτων
1043 1424 1200 1506 εἰσφορᾶς,

181 1516 356 1596 προφάσεως
379 1518 481 1593 αὐτοῖς
504 1522 647 1602 δοθείσης
669 1521 702 1584 ἐκ
725 1532 777 1584 τοῦ
800 1546 883 1596 τινας
904 1530 991 1584 τοῦτο
1014 1518 1069 1600 μὲν
1091 1520 1125 1583 έκ
1142 1531 1197 1601 τῆς

182 1613 274 1694 αὐλῆς
305 1625 391 1677 τοῦτο
420 1614 452 1678 δὲ
479 1616 512 1679 έκ
538 1629 598 1680 τῶν
624 1619 747 1700 θρόνων
774 1629 833 1681 τῶν
860 1629 921 1681 σῶν
948 1616 1051 1681 άδειαν
1078 1618 1196 1692 ἒαυτοῑς

180 1713 395 1774 κατασκευάσαι
422 1714 472 1776 καὶ
499 1723 607 1798 προῖκα
634 1714 769 1798 ἐκφέρειν
792 1717 938 1798 κεράμους
961 1725 1013 1797 τῆς
1036 1715 1197 1798 εἰρημένης

181 1818 238 1870 τῶν
265 1803 478 1892 Ἀλεξανδρέων
509 1813 620 1887 πόλεως
652 1813 701 1875 καὶ
733 1811 816 1894 ἕτερα
847 1815 912 1894 εἴδη
940 1813 1014 1894 δίπερ
1042 1813 1198 1876 ὑπόκειται

179 1986 382 2063 Augustalem
404 1991 552 2050 trecentos
571 1992 680 2070 viginti
699 2011 805 2054 aureos
825 1992 975 2069 accepisse
993 2011 1047 2069 pro
1067 1991 1198 2070 triginta
1314 1975 1315 2036 i

181 2100 231 2140 sex
266 2085 359 2159 pullis
397 2104 472 2160 quos
508 2086 572 2163 ipso
608 2088 732 2165 praebet
763 2090 843 2149 ludis
875 2089 1063 2166 equestribus
1096 2090 1198 2150 diotae

179 2178 450 2240 Alexandrinorum
467 2183 548 2242 urbi:
571 2188 603 2244 et
620 2185 699 2245 huno
718 2189 833 2247 statum
852 2186 997 2246 mansisse
1016 2206 1075 2246 non
1095 2189 1195 2246 solum

179 2276 306 2337 duranto
330 2278 589 2343 administratione
612 2284 820 2362 gloriosissimi
844 2284 1003 2362 Strategii,
1026 2284 1078 2343 sed
1101 2285 1195 2344 etiam

178 2391 275 2451 usquo
307 2377 345 2435 ad
373 2380 534 2439 secundam
560 2381 754 2441 indictionem
781 2381 936 2458 praeteriti
965 2380 1082 2459 oirouli,
1115 2400 1196 2459 quae

177 2472 238 2531 fuit
269 2477 338 2534 ante
371 2494 464 2536 annos
497 2478 674 2553 quindecim.
720 2478 835 2538 Exinde
869 2481 972 2537 autem
1002 2479 1194 2553 quorundam

178 2572 380 2650 neglegentia,
405 2574 534 2634 aliorum
556 2594 626 2634 vero
650 2576 732 2653 dolo,
759 2575 959 2652 plurimorum
984 2576 1086 2634 autem
1109 2576 1194 2634 liuto

177 2687 240 2727 rem
271 2670 421 2746 paulatim
450 2670 642 2730 imminutam
669 2689 745 2751 ease,
777 2675 809 2732 at
835 2672 949 2749 privari
978 2674 1043 2732 tam
1069 2673 1195 2748 publiea

177 2765 285 2824 balnea
327 2766 615 2845 quadringentorum
653 2769 818 2848 nonaginta
859 2770 990 2829 duorum
1030 2787 1193 2832 aureorum

178 2879 295 2920 summa
323 2881 414 2938 quam
441 2865 534 2924 naula
562 2865 797 2944 quingentorum
820 2865 1046 2945 quinquaginta
1070 2869 1137 2926 octo
1161 2869 1194 2926 et

178 2957 294 3017 dimidii
317 2978 477 3020 aureorum
499 2963 644 3041 illatione,
668 2964 821 3025 oooasione
844 2963 906 3023 illis
930 2964 1004 3022 data
1022 2963 1090 3022 inde
1111 2965 1192 3040 quod

176 3057 314 3117 nonnulli
346 3059 458 3134 partim
490 3079 525 3118 ex
555 3061 625 3119 aula
652 3061 764 3137 partim
792 3081 810 3120 a
837 3060 954 3120 thronis
981 3061 1044 3119 tuis
1071 3061 1191 3120 veniam

176 3154 378 3230 impetrarunt
405 3160 436 3216 at
459 3156 572 3233 absque
594 3159 738 3237 vectigali
760 3161 958 3234 exportarunt
980 3161 1047 3216 tum
1069 3159 1194 3236 tegulas

176 3269 212 3310 ex
243 3251 324 3312 diota
351 3253 622 3315 Alexandrinorum
652 3257 727 3316 urbe
758 3258 825 3315 tum
858 3256 933 3315 olias
966 3253 1078 3330 species
1111 3274 1193 3331 quaa

253 3405 315 3470 ma)
342 3403 408 3458 Cod.
441 3405 578 3466 ὡσαύτως.
675 3407 737 3476 lau)
764 3403 811 3459 Sio
842 3405 917 3459 infra
943 3407 1019 3459 reote
1048 3405 1190 3460 scribitur.

178 3474 239 3539 123)
259 3470 326 3526 eod.
350 3470 424 3527 εἶναι
447 3475 656 3546 quodpropter
675 3490 793 3543 sequens
812 3473 891 3546 μέχρι
909 3475 940 3528 in
958 3481 1052 3545 μεῖναι
1071 3475 1191 3532 mutavi.
