2654 3922
563 150 782 214 -57-

166 313 264 394 μένων
300 314 467 374 παλατίνων
503 310 718 398 ἐπιτρεπομένιμ
754 312 809 390 τὴν
842 321 894 372 τοῦ
925 306 1180 393 πραιποσίτουέθῧ)

165 416 302 493 πληροῦν
329 409 418 472 ἐκεῖσε
446 410 553 491 χρείαν.
598 409 760 489 ἐπαμύνειν
787 431 816 470 τε
840 409 964 488 αὐτούς,
992 408 1106 482 εἰδότας
1138 407 1178 482 ὡς
1228 403 1230 408 ’

165 509 209 582 εἰς
236 507 288 570 τδν
311 500 468 590 aizoum)
495 506 639 568 ἐλεύσεται
665 507 822 586 κίνδυνον,
849 505 979 568 τουτέστι
1005 516 1058 569 τού
1080 529 1110 567 τε
1133 505 1180 568 ἰιεί

168 605 278 679 δουκδς
300 615 354 666 τοῦ
377 626 406 665 τε
429 602 570 686 ύρχοντος
593 613 651 665 τῶν
673 626 703 665 τε
725 602 913 684 πειθομένων
936 603 1036 677 αὐτοῖς
1059 604 1178 683 τύξεων,

165 703 194 764 εἰ
216 701 255 783 μη
278 703 391 764 τούτων
412 711 485 762 πᾶσι
506 695 760 784 προνοήσοιενῑὸέ)
784 701 914 783 τρόποις·
939 699 1114 781 ἀμυνόντων
1136 701 1178 774 εἰς

166 808 254 862 τούτο
281 798 331 860 καί
352 808 411 860 τῶν
435 808 632 880 στρατιωτῶν,
658 797 708 859 καί
732 792 918 881 [αύμῶνῑθῆ
941 799 1179 860 κινδυνευόντων

165 897 193 957 εἰ
215 895 255 976 μὴ
278 895 457 976 ἐπαμύνοιεν
479 897 586 969 ταύτας
609 895 775 975 ὑποστῆναι
792 895 844 969 τὰς
862 896 980 974 ποινὰς,
1001 895 1094 977 ἅσπερ
1113 893 1177 956 ἐπε·

166 993 304 1073 θήκαμεν
317 992 367 1054 καί
380 999 441 1066 τοῖς
454 992 503 1055 ἐπί
516 1002 568 1072 τῆς
580 988 792 1075 Ἀλεξανδρέων
805 992 856 1054 καί
869 991 1006 1074 ἐκατέρας
1020 994 1177 1074 Αἰγύπτου

165 1089 350 1169 καθημένοις
373 1091 568 1172 στρατιώταις,
585 1092 612 1152 εἰ
629 1089 670 1170 με)
688 1090 738 1152 καί
757 1089 841 1153 αύτοί
859 1090 890 1152 νδ
908 1100 1028 1172 πρᾶγμα
1045 1098 1097 1169 τῆς
1111 1090 1177 1168 ἰσης

167 1186 323 1262 ἀξιώσειαν
349 1189 518 1270 φροντίδος.
563 1185 633 1250 οὐδὲ
660 1188 748 1269 λόγον
774 1187 854 1261 τινὸς
881 1186 930 1249 ἐπί
956 1194 1020 1260 ταῖς
1041 1188 1178 1266 largitio-

169 1287 299 1358 naliooig
325 1286 431 1358 αἰτίαις
459 1284 538 1369 παρὰ
565 1285 617 1359 τὰς
640 1285 807 1368 ἔμπροσθεν
830 1283 1059 1366 διηγορευμένας
1083 1284 1177 1356 αἰτίας

168 1381 346 1465 παρέχεσθαι
365 1381 533 1463 δυναμένου
551 1382 608 1444 τισί
624 1383 704 1464 παρὰ
722 1383 844 1464 γνώμην
862 1392 921 1444 τῶν
938 1381 1178 1463 καθωσιωμένον

166 1481 334 1542 παλατίνων
366 1490 418 1560 τῆς
451 1479 606 1562 εἰρημένης
635 1479 724 1560 ἀρχῆς
751 1478 771 1560 ἰ)
798 1489 857 1541 τῶν
884 1474 1036 1562 ύίλλωςιθί)
1064 1484 1177 1541 στελλο-

166 1575 263 1656 μένων
295 1576 343 1638 ἐπί
372 1587 407 1662 τῇ
433 1586 492 1638 τῶν
519 1570 824 1659 largitionaliootv¹⁷⁰)
853 1578 1003 1656 δημοσίων
1031 1577 1178 1658 εἰσπράξει

167 1774 186 1814 a
213 1756 328 1815 devotis
355 1756 498 1831 palatinis
526 1755 718 1815 commissum
745 1755 838 1814 fuerit
864 1757 900 1813 ut
927 1754 989 1813 illio
1012 1755 1177 1830 praepositi

165 1872 288 1912 munere
311 1854 465 1931 fungatur.
511 1853 553 1911 Et
575 1853 644 1912 illos
668 1852 816 1911 auxilium
838 1853 925 1930 ferre,
949 1851 1074 1912 scientes
1097 1852 1176 1927 ipso-

165 1969 235 2009 rum
257 1950 391 2026 periculo
414 1952 491 2028 fore,
514 1951 545 2010 id
569 1953 615 2010 est
637 1950 721 2010 (luois
745 1950 798 2027 qui
821 1950 908 2010 modo
932 1950 1025 2009 fuerit
1048 1953 1078 2009 et
1100 1949 1177 2009 iudi-

166 2046 208 2106 ois
232 2050 263 2106 et
285 2047 453 2108 offioiomm
476 2048 550 2124 ipsis
572 2048 753 2126 parentium,
776 2047 834 2106 nisi
856 2046 903 2106 his
926 2048 1014 2107 rebus
1039 2047 1177 2108 omnibus

165 2144 261 2204 modis
289 2145 486 2222 providerint:
517 2144 567 2204 oui
594 2145 686 2205 stiam
712 2144 825 2204 milites
853 2164 940 2221 opem
967 2146 1077 2223 ferent,
1105 2145 1178 2221 ipsis

166 2261 287 2318 quoque
315 2243 488 2301 imminente
511 2241 644 2318 periculo
668 2241 694 2299 si
717 2261 804 2317 opem
826 2261 886 2301 non
909 2242 1036 2301 tulerint
1059 2243 1178 2303 easdem

165 2338 312 2399 sustinere
335 2358 455 2418 poenas
479 2341 584 2416 quales
601 2338 750 2398 militibus
768 2338 799 2396 in
817 2337 891 2397 urbe
906 2338 1178 2398 Alexandrinorum

165 2440 196 2496 et
223 2439 353 2513 utraque
376 2438 516 2515 Aegypto
544 2435 716 2496 constitutis
743 2435 955 2513 imposuimus,
983 2437 1042 2494 nisi
1065 2437 1177 2513 stipsi

165 2533 322 2612 negotium
345 2535 465 2611 aequali
488 2553 560 2594 oura
583 2532 700 2611 dignati
722 2533 843 2592 fuerint.
880 2533 942 2592 Neo
965 2534 1077 2609 poterit
1096 2535 1178 2611 quis-

165 2649 258 2707 quam
281 2629 369 2711 λόγον
391 2632 422 2690 in
445 2631 688 2711 largitionalibus
707 2630 805 2690 causis
823 2633 943 2706 praeter
961 2649 1066 2690 oausas
1086 2650 1177 2708 supra

165 2728 315 2804 expositas
339 2729 491 2805 aliquibus
511 2729 580 2787 dare
600 2728 675 2787 citra
694 2729 882 2789 voluntatem
900 2728 1077 2788 devotomm
1094 2731 1178 2806 pala·

164 2825 299 2885 tinorum
326 2826 423 2886 diotae
451 2825 719 2885 administrationis
746 2826 795 2886 vel
823 2845 926 2885 eorum
949 2827 1003 2903 qui
1024 2840 1179 2903 praeterea

165 2923 204 2981 ad
226 2922 416 2998 publicorum
438 2923 678 3001 largitionalium
701 2923 886 2983 exactionem
903 2923 1069 2982 mittuntur
1087 2945 1105 2984 a
1124 2944 1178 2986 suo

239 3085 301 3153 166)
322 3081 388 3138 eod.
406 3100 522 3152 πρεποσ.
597 3089 657 3150 166)
677 3082 743 3138 (ἰού.
762 3083 857 3138 αὐτὸν.
944 3085 1006 3152 167)
1025 3083 1091 3138 cod.
1110 3103 1180 3154 προ-

165 3152 285 3220 νοήσειε.
311 3153 365 3208 sed
379 3154 453 3208 forte
466 3152 665 3224 προνοήσομεν,
680 3157 712 3208 ut
725 3171 789 3208 mox
800 3150 982 3223 ἐπαμύναιεν.
1038 3158 1100 3224 168)
1111 3154 1178 3210 eod.

166 3222 337 3293 simpliciter
354 3233 416 3280 τῶν.
506 3227 567 3294 169)
587 3225 651 3280 Cod.
670 3233 725 3278 τῶν
745 3223 820 3287 ὅλως.
858 3223 898 3279 Cf,
918 3241 1003 3292 supra
1022 3241 1044 3278 o.
1063 3225 1111 3291 15
1133 3231 1177 3280 11:

165 3295 232 3357 τούς
259 3294 347 3359 ἄλλως
375 3293 578 3366 στελλομένους.
657 3298 718 3366 170)
746 3295 828 3350 Forte
856 3292 873 3362 ἢ
902 3292 1050 3363 δημοσίων.
1088 3295 1178 3364 Supra

165 3366 240 3419 enim
260 3382 283 3420 o.
304 3367 316 3419 l
335 3373 350 3432 ξ
371 3373 402 3420 11
421 3365 492 3430 τὰς.
509 3409 514 3421 .
531 3368 687 3436 ,δημοσίας
706 3364 840 3436 εἰσφορὰς
857 3365 906 3427 τὰς
924 3372 982 3429 τοῖς
995 3368 1087 3429 θείοις
1100 3365 1178 3436 ἡμῶν

165 3435 356 3506 ἁρμοττούσας
374 3441 538 3507 θησαυροῖς.
