2654 3922
593 207 813 270 ..14-

197 379 269 452 χιῶν
292 364 339 431 ἐπ’
365 369 444 454 αὐτῷ
467 369 605 449 τετάχθαι
626 367 677 430 καὶ
700 369 796 455 μόνῳ,
818 369 956 452 καθάπερ
978 369 1028 432 καὶ
1050 368 1132 451 μέχρι
1155 381 1223 434 νῦν

196 467 343 550 σχήματος
366 465 430 548 ἔχει.

265 563 456 645 [Βουλόμεθα
482 561 515 625 δὲ
542 563 593 626 παλ
619 563 671 626 τὸν
701 564 814 626 τούτων
836 561 975 645 ἄρχοντα]
985 559 1025 649 16)
1048 565 1219 640 ταύτὸν-δὲ

197 664 290 725 εἰπεῖν
312 661 364 724 τὸν
387 663 579 745 περίβλεπτον
602 661 826 744 αιίγουστάλιον,
849 661 900 723 διδι
922 661 957 724 τὸ
977 671 1031 742 τῆς
1053 663 1219 746 εἰρημένης

198 761 333 841 μεγίστης
364 760 476 833 πόλεως
508 760 749 842 πολυάνθρωπον
780 759 856 841 ἔχειν
888 758 923 820 τὰ
955 760 1056 821 δίκαια
1081 761 1133 823 καί
1160 771 1220 842 τῆς

197 867 404 938 στρατιωτικῆς
426 855 528 939 ἀρχῆς,
551 857 588 919 οὐ
611 855 794 944 διῃρημένου
816 866 870 919 τοῦ
892 857 1063 939 πράγματος
1081 856 1152 921 οὐδὲ
1171 860 1220 932 εἰς

196 953 339 1037 ἄρχοντας
366 956 422 1018 δύο
449 961 634 1028 καθεστῶτος
662 950 763 1038 (τοῦτο
789 954 846 1036 γὰρ
872 951 1030 1035 ἡγούμεθα
1056 962 1097 1042 τῷ
1124 957 1221 1018 παντὶ

197 1047 385 1137 συμφέρειν),
407 1048 470 1114 ἀλλ’
496 1052 568 1115 ὥστε
591 1050 644 1114 ἕνα
666 1050 721 1134 μὲν
739 1050 836 1132 δίνδρα
857 1053 1034 1134 προεστάναι
1056 1063 1110 1115 τοῦ
1133 1054 1220 1137 εἰρη-

198 1149 289 1231 μένου
316 1151 448 1233 θρόνου,
475 1149 550 1231 ἔχειν
579 1147 611 1212 ct
638 1149 776 1225 ἐξουσίαν
799 1148 873 1212 κατὰ
895 1150 1017 1212 πάντων
1038 1159 1099 1212 τῶν
1121 1150 1220 1213 ἐκεῖσε

198 1257 392 1329 στρατιωτῶν,
414 1256 473 1309 τῶν
492 1246 659 1328 ἱδρυμένων
678 1247 734 1308 εἴτε
751 1241 798 1307 ἐπ’
821 1247 913 1326 αὐτῆς
931 1256 984 1328 τῆς
999 1242 1221 1331 Ἀλεξανδρέων

198 1347 324 1427 μεγάλης
347 1344 459 1417 πόλεως
482 1345 538 1406 εἴτε
561 1343 609 1405 ἐπὶ
632 1353 690 1405 τῶν
714 1343 770 1405 δύο
793 1344 956 1425 Αἰγύπτων
977 1344 1114 1428 καθάπερ
1133 1347 1216 1428 εἰρη-

198 1458 258 1503 ται·
292 1443 341 1502 δεῖ
366 1441 421 1524 γὰρ
455 1440 503 1503 καλ
536 1449 589 1520 τῆς
620 1434 826 1523 εὐκοσμίαςῑί)
853 1451 905 1522 τῆς
934 1442 1046 1515 πόλεως
1072 1449 1220 1525 προνοεῖν

198 1533 272 1622 12¹⁸)
295 1538 346 1600 ιιαί
368 1548 422 1602 τοῦ
441 1536 534 1619 μηδὲν
552 1538 718 1621 ταραχῶδες
736 1539 874 1620 γίνεσθαι
892 1537 967 1600 κατὰ
985 1539 1037 1601 τδν
1055 1539 1215 1622 εἰρημένον

199 1639 307 1718 δῆμον
332 1631 397 1698 ἀλλ’
423 1635 526 1718 ἔχοντα
543 1635 595 1698 τὸν
613 1635 661 1698 ἒπί
680 1645 732 1716 τῆς
750 1633 908 1718 εἰρημένης
927 1633 1018 1718 ἀρχῆς
1036 1637 1217 1719 τεταγμένον

199 1871 340 1949 indigena
367 1870 516 1930 dictarum
543 1869 672 1927 duarum
699 1867 907 1944 eparchiaium
934 1868 993 1945 ipsi
1020 1869 1077 1931 soli
1106 1871 1216 1950 subsit,

200 1967 452 2044 quemadmodum
475 1966 567 2026 ctiam
589 1964 745 2041 hucusque
769 1964 891 2026 obtinet.

267 2061 300 2140 [ἓ
325 2066 353 2122 2.
385 2065 529 2123 Militaris
551 2059 785 2137 administratae]
833 2059 994 2138 [Volumus
1024 2083 1094 2125 verc
1119 2065 1212 2125 ctiam

198 2161 307 2219 harum
324 2159 518 2237 praefectum,
542 2156 616 2235 sive]
642 2158 723 2235 quod
740 2159 824 2218 dictu
842 2159 923 2219 idem
940 2162 994 2238 cst,
1018 2162 1212 2238 spectabilem

199 2258 400 2334 Augustalem
421 2259 544 2334 prepter
565 2256 722 2317 hominum
743 2256 970 2317 multitudinem
992 2257 1024 2317 in
1047 2263 1216 2320 memorata

201 2355 331 2414 maxima
357 2355 430 2415 urbe
453 2354 562 2415 habere
590 2355 683 2415 etiem
709 2353 777 2413 iura
804 2355 949 2431 praefecti
975 2355 1128 2435 militaris,
1160 2358 1213 2416 ad·

199 2452 419 2514 ministratione
447 2473 507 2514 non
530 2453 627 2513 divisa
649 2471 747 2528 neque
771 2451 811 2510 ad
833 2451 908 2512 dues
931 2453 1098 2529 praefectos
1120 2455 1213 2531 pe1ti·

199 2554 287 2612 nente
317 2543 364 2633 (id
392 2550 473 2627 qued
495 2569 629 2610 summae
652 2567 753 2608 rerum
776 2549 939 2609 conducere
962 2546 1133 2632 putamus),
1161 2552 1215 2612 sed

198 2649 243 2708 ita
261 2652 297 2707 ut
314 2665 394 2707 unus
414 2648 535 2724 quidem
552 2647 641 2706 hcmc
660 2646 740 2706 dicto
759 2646 867 2706 throno
885 2647 1007 2725 praesit,
1030 2651 1213 2724 potestatem

200 2749 302 2805 autem
324 2745 436 2805 habeat
457 2744 490 2802 in
508 2761 609 2804 omncs
629 2742 682 2819 qui
700 2742 763 2803 illic
782 2745 854 2803 sunt
871 2743 991 2822 milites,
1015 2745 1077 2805 sive
1096 2745 1128 2804 in
1145 2746 1213 2823 ipsa

199 2843 473 2902 Alexandrinorum
508 2859 619 2919 magna
651 2839 726 2900 urbe
758 2840 821 2900 sive
852 2841 885 2899 in
916 2841 1033 2901 duabus
1065 2841 1216 2920 Aegyptia

200 2941 345 3001 stationes
368 2939 507 3016 habeant,
531 2938 620 2998 sicuti
638 2939 753 2998 dictum
771 2941 825 2998 est.
862 2938 984 2998 Etenim
1002 2940 1096 2999 etiam
1114 2940 1212 3000 decori

199 3038 282 3098 urbis
314 3036 533 3115 providendum
562 3039 608 3096 est
634 3039 665 3095 et
691 3056 728 3096 nc
757 3035 831 3112 quid
857 3037 1045 3096 tumultuose
1073 3037 1105 3096 in
1132 3037 1212 3098 dicta

199 3134 286 3213 plebe
319 3138 436 3214 agatur.
488 3133 547 3193 Sed
573 3136 690 3210 oportet
718 3152 787 3193 cum
816 3133 868 3211 qui
896 3133 994 3194 dictae
1023 3133 1211 3194 administra-

272 3361 318 3427 16)
335 3358 479 3412 Lacunam
500 3357 555 3412 hoc
577 3356 640 3411 loco
664 3353 844 3410 statuendam
864 3371 925 3410 csse
943 3371 1053 3424 censeo,
1072 3372 1157 3425 quam
1176 3373 1213 3411 au

201 3431 278 3484 recte
297 3428 486 3500 suppleverim
505 3427 555 3484 alii
573 3426 697 3483 videant.
769 3428 815 3494 17)
833 3425 866 3480 In
884 3425 954 3484 ch.
972 3425 1064 3483 XX1V
1076 3430 1134 3499 (ab)
1153 3434 1213 3482 c.4

145 3551 148 3558 .
200 3500 286 3556 nuth.
305 3499 392 3557 vertit
409 3502 532 3558 ornatui.
607 3501 650 3566 18)
671 3495 738 3552 Ocd.
758 3513 796 3552 σε.
