2654 3922
591 179 813 243 ..36-

194 335 371 420 ἀνηκονσῶν
390 340 582 423 λαρμιτιόνας,
602 340 673 402 ὥστε
687 339 740 412 τάς
754 343 895 414 τοιαύτας
911 343 1057 421 δημοσίας
1072 343 1221 423 εἰσφορὰς

194 435 247 510 τάς
274 443 335 510 τοῖς
358 437 454 511 θείοις
477 435 562 518 ἡμῶν
585 436 786 520 ἁρμοττούσας
811 445 983 521 θησαυροῖς
1005 439 1056 500 καὶ
1078 441 1220 522 εἰσπράτ-

194 541 297 598 τεσθαι
328 533 378 596 καί
406 540 470 608 ταῖς
502 535 600 609 θείαις
627 532 712 615 ἡμῶν
741 535 936 619 εἰσφέρεσθαι
964 537 1117 617 largitidor
1144 539 1219 618 μετὰ

193 631 304 704 παντὸς
336 631 482 696 κινδύνου
514 643 567 696 τοῦ
599 631 794 715 περιβλέπων
831 635 1048 716 αύγουσταλίου
1079 635 1129 696 καί
1163 646 1218 715 τῆς

194 727 376 810 πειθομένης
411 729 490 816 αὐτῷ
523 731 637 806 τάξεως.
683 732 711 792 εί
740 733 799 813 γάρ
832 757 862 793 τι
893 735 1007 794 τούτων
1039 731 1219 812 ἀμεληθείη,

195 827 336 902 κίνδυνος
369 821 459 891 αότὸν
491 828 693 910 περιστήσεται
723 828 775 890 έπί
807 853 837 892 τε
869 840 904 914 τῇ
936 829 1010 915 ἀρχῇ
1042 829 1093 891 ἐπί
1121 853 1151 891 τε
1179 841 1217 916 τῇ

195 925 350 1010 παρανοίᾳ
382 935 417 1012 τη
450 927 558 1011 οἰκεία,
590 925 640 987 καλ
673 927 710 988 ού
743 926 837 1006 μόνον
872 926 926 1000 ἕως
958 926 1007 988 ἐπί
1038 936 1091 1005 τῆς
1123 925 1217 1008 ἀρχῆς

195 1021 286 1105 ἔστιν,
315 1021 386 1086 ἀλλά
413 1021 463 1085 καί
490 1024 612 1104 ύστερον
636 1022 686 1085 καλ
708 1023 833 1086 ἐπειδὰν
857 1026 970 1104 ταύτην
993 1023 1140 1086 ἀπόθοιτο
1164 1025 1217 1086 καὶ

195 1121 268 1186 κατά
297 1121 442 1202 διαδόχων
470 1120 562 1183 αὐτοῦ
591 1119 641 1183 καί
667 1121 877 1202 κληρονόμων·
914 1121 1040 1196 ἐνέξεται
1066 1121 1123 1203 γὰρ
1150 1129 1216 1195 ταῖς

195 1219 344 1293 τοιαύταις
363 1218 545 1300 εἰσπράξεσιν
564 1217 620 1279 ούκ
639 1217 727 1292 αὐτὸς
746 1219 848 1299 μόνος,
876 1217 948 1279 ἀλλά
967 1218 1017 1280 καί
1034 1220 1216 1300 κληρονόμοι

198 1316 290 1380 αύτοθ
317 1313 367 1379 καί
394 1314 541 1396 διάδοχοι,
569 1313 623 1388 ἕως
650 1313 690 1377 ἀν
717 1316 815 1378 πάντα
844 1315 1060 1398 ἕκπληράσειαν
1087 1316 1124 1377 τά
1150 1323 1214 1389 ταῖς

196 1413 295 1486 θείαις
330 1410 415 1492 ἡμῶν
447 1411 618 1492 largitidorr
649 1411 682 1474 έιι
714 1422 774 1474 τῶν
809 1407 1101 1496 ύποτεταγμένωνῧῧ)
1133 1413 1214 1498 αύτῷ

196 1507 294 1572 τύπων
326 1507 510 1590 ὀφειλόμενα.
556 1508 605 1571 καί
639 1507 706 1571 ούτε
738 1510 830 1591 λόγον
866 1509 989 1584 ἀσυλίας
1020 1510 1065 1583 τίς
1097 1510 1215 1593 παρέξει

197 1613 258 1684 τοῖς
281 1603 486 1689 ὑποκειμένοις
509 1605 596 1691 αύτῷ,
620 1606 698 1687 πλην
721 1605 856 1687 ἐκείνων,
880 1610 911 1669 οἳ
931 1607 1050 1670 καὶτὸν
1068 1610 1214 1670 κίνδυνον

198 1850 235 1910 ed
264 1867 362 1910 seoros
385 1852 502 1909 nostres
525 1848 701 1927 largitiones
724 1848 956 1926 pertinentium,
984 1849 1028 1906 ite
1050 1851 1087 1906 ut
1109 1849 1214 1908 huius-

197 1946 279 2008 modi
301 1945 439 2022 publioee
457 1945 609 2004 illationes
628 1965 706 2021 quoe
725 1945 817 2004 seoris
837 1945 947 2005 nostris
966 1946 1116 2004 thesauris
1134 1966 1214 2006 oom—
1308 1933 1309 1936 ¹

197 2045 306 2120 petunt
329 2044 359 2101 et
382 2041 541 2119 exigantur
563 2045 594 2100 et
612 2042 704 2101 saeris
722 2043 833 2103 nostris
853 2042 1065 2120 largitionibus
1083 2043 1214 2102 inferen-

197 2143 249 2200 tur
280 2158 348 2199 oum
381 2139 461 2198 omni
493 2138 626 2215 periculo
654 2140 827 2215 spectabilis
854 2140 1034 2218 Augustalis
1064 2142 1095 2198 et
1122 2141 1214 2200 offioii

198 2236 256 2313 ipsi
275 2236 515 2313 obtemperantis.
554 2236 587 2295 Si
606 2235 678 2312 quid
697 2237 777 2296 enim
795 2238 904 2297 horum
923 2237 1094 2315 neglectum
1112 2238 1213 2316 fuerit,

197 2333 365 2412 perieulum
393 2333 420 2393 ei
447 2333 616 2393 imminebit
642 2337 706 2393 tem
735 2334 1005 2394 administrationis
1029 2352 1121 2410 quem
1145 2335 1213 2393 sub·
1308 2407 1309 2414 ρ

198 2433 328 2493 stantiae
355 2447 441 2511 sues,
468 2432 558 2509 idque
587 2451 647 2491 non
675 2431 773 2491 solum
801 2432 874 2490 dum
899 2431 932 2488 in
955 2431 1213 2492 administratione

198 2531 263 2610 erit,
291 2531 343 2590 sed
370 2533 474 2606 postea
503 2549 623 2606 quoque
651 2531 682 2588 et
708 2531 872 2605 postquem
899 2548 966 2589 eem
988 2528 1160 2604 deposuerit
1182 2533 1213 2588 et

198 2628 230 2687 in
253 2644 435 2687 successores
459 2626 523 2684 eius
546 2629 577 2684 et
599 2627 734 2686 heredes:
758 2627 870 2685 etenim
895 2626 1039 2686 obnoxius
1057 2625 1116 2685 erit
1133 2626 1212 2685 hisee

199 2723 404 2784 exeotionibus
426 2741 487 2781 non
509 2723 573 2797 ipse
596 2725 707 2800 solum,
731 2723 783 2782 sed
806 2726 837 2782 et
861 2724 983 2782 heredes
1006 2723 1071 2782 eius
1094 2727 1125 2782 et
1148 2741 1213 2782 suo-

199 2837 336 2897 oessores,
355 2820 448 2879 donee
466 2821 575 2878 ounote
593 2820 778 2895 expleverint
797 2839 876 2896 quae
892 2820 984 2879 seeris
998 2821 1108 2880 nostris
1122 2821 1213 2898 lorgi·
1308 2843 1309 2872 ι

199 2917 332 2975 tionibus
355 2915 501 2975 debentur
523 2936 559 2975 ex
576 2917 650 2976 loeis
668 2917 697 2976 ei
718 2917 868 2977 subiectis.
903 2919 966 2977 Neo
983 2916 1073 2996 λόγον
1091 2914 1213 2989 ἀσυλίας
1308 2917 1309 2978 s

198 3014 246 3073 his
270 3014 323 3090 qui
346 3014 374 3072 ei
397 3013 525 3071 subsunt
548 3003 710 3090 quisquam
733 3014 817 3074 debit
840 3016 971 3090 exeeptis
994 3015 1031 3072 iis
1050 3014 1104 3090 qui
1122 3014 1213 3073 etiem
1308 3077 1309 3088 ¹

200 3253 256 3308 nisi
276 3269 342 3307 mox
363 3252 439 3307 idem
462 3269 513 3322 per
535 3251 633 3307 αἰτιῶν
655 3251 814 3309 indicatum
834 3252 880 3308 sit.
920 3256 1013 3308 Τελῶν
1031 3251 1104 3308 verti
1127 3252 1211 3306 vecti·
1308 3239 1309 3262 i

200 3324 319 3392 geliume
338 3324 430 3392 possit
448 3323 535 3378 etiam
553 3323 634 3377 reddi
651 3323 851 3392 impensarum,
870 3328 1042 3393 sumptuum.
1079 3322 1119 3378 ef.
1139 3322 1211 3378 infra
1308 3343 1309 3348 ¹

201 3403 216 3456 ,α’
238 3401 269 3448 13
292 3395 350 3448 not.
370 3400 394 3449 9.
458 3397 503 3464 88)
526 3393 572 3448 An
594 3394 625 3447 in
646 3393 750 3448 notitia
767 3393 913 3476 huiodlegi
933 3394 1075 3462 subiecta,
1099 3396 1131 3448 ut
1149 3412 1211 3450 mox
1308 3453 1309 3476 η

201 3463 301 3525 αὐταῖς
322 3462 473 3530 legendum
498 3463 553 3518 sit?
