2654 3922
574 197 793 260 ,62-

177 354 232 436 μὲν
255 354 271 418 6
294 358 483 439 melphense
502 358 572 432 δοὺξ
593 355 609 419 6
627 357 738 436 ταύτην
756 359 996 438 παραλαμβάνων
1014 354 1085 442 παρ’
1105 357 1196 442 ἡμῶν

179 453 234 532 τὴν
267 455 425 534 διοίκησιν·
458 449 734 537 emesenam&

179 559 239 612 τῶν
265 551 411 634 ἐπαρχιῶν
433 551 581 634 ἐπιχώριοι
603 550 756 634 ἄρχοντες,
785 551 835 613 καὶ
857 551 937 614 ἔσται
959 553 1009 614 παὶ
1031 555 1121 629 αὐτὸς
1143 555 1196 619 ἐπὶ

177 656 230 726 τῆς
253 659 306 711 τοῦ
329 648 544 730 αὐγονσταλίοα
567 659 654 731 τιμῆς
678 650 774 731 ὥσπερ
796 647 835 711 διν
854 643 923 710 εἰ187

176 841 226 903 καὶ
253 849 293 928 τῷ
321 844 497 932 δικαστηρίῳ
524 854 577 925 τῆς
598 841 662 906 Ἕω
685 844 759 906 πατδι
780 845 892 924 πάντα,
919 844 1000 918 ὅπως
1021 846 1073 908 καὶ
1093 858 1152 909 νῦν
1175 846 1195 910 6

177 941 366 1021 περίβλεπτος
389 942 600 1024 αδμονστάλιός
622 941 691 1004 ἐστι.
728 942 848 1021 δίδομεν
870 941 927 1024 γὰρ
949 942 1000 1004 πα)
1021 953 1121 1004 πᾶσαν
1144 946 1192 1005 δι·

177 1038 350 1100 καιοδοσίαν
372 1062 402 1101 τε
425 1039 475 1102 nal
497 1039 645 1120 ἐξουσίαν,
663 1037 703 1119 ἢν
726 1037 742 1100 6
764 1038 955 1120 περίβλεπτος
978 1039 1194 1122 αδγσνστάλιος

177 1133 232 1215 ἔχει
246 1169 575 1180 ——————
583 1131 635 1221 ¹⁸⁸)
663 1160 708 1199 τοι
735 1142 799 1210 ταῖς
827 1133 949 1198 ἄνωθεν
972 1135 1194 1220 consumam

178 1231 266 1317 αὐτῷ,
288 1233 418 1296 τουτέστι
442 1237 570 1315 Θηβαϊσι
596 1235 660 1298 δύο.

256 1325 419 1413 ’Έσται189)
452 1329 484 1393 δὲ
515 1331 596 1416 αὐτῷ
628 1330 751 1412 φροντίς
782 1353 812 1392 τε
844 1329 895 1392 καὶ
925 1330 1084 1411 κίνδυνος,
1116 1332 1190 1394 ὥστε

175 1426 319 1509 πρότερον
342 1425 396 1507 μὲν
414 1429 561 1501 παντοίως
584 1427 764 1510 εἰσπράττειν
782 1427 834 1489 τὸν
854 1434 935 1490 σῖτον
953 1437 1006 1508 τῆς
1024 1429 1122 1503 αἰσίας
1139 1428 1190 1509 ἐμ-

178 1526 269 1604 βολῆς
291 1523 342 1586 καὶ
363 1523 521 1605 ἐκπέμπειν
539 1525 588 1588 καὶ
606 1525 804 1608 παραδιδόναι
821 1531 861 1610 τῷ
880 1524 1062 1612 περιβλέπτμ
1080 1525 1190 1608 αδμον·

175 1736 294 1817 baidus,
323 1739 433 1816 quibus
460 1743 579 1816 praeest
605 1739 777 1816 spectabilis
800 1739 860 1796 dux
883 1739 937 1815 qui
962 1759 980 1798 a
1003 1738 1089 1799 nobis
1111 1739 1192 1800 hanc

177 1835 466 1896 administrationem
494 1837 616 1915 accepit.
668 1835 815 1896 Obedicnt
841 1855 911 1896 vero
939 1837 967 1896 ei
994 1837 1086 1896 etiam
1112 1837 1192 1896 indi·

177 1951 270 2009 genae
293 1933 406 1993 iudices
428 1934 537 1992 harum
559 1934 780 2012 eparchium,
804 1935 834 1992 et
856 1933 914 1992 erit
935 1933 1000 2010 ipse
1023 1934 1192 1994 inhonore

175 2028 355 2106 Augustalis
386 2033 534 2105 tanquam
560 2031 586 2088 si
612 2030 676 2106 ipse
703 2031 883 2108 Augustalis
913 2032 1003 2090 essct:
1036 2032 1192 2091 subiectus

175 2127 342 2202 praeceptis
366 2127 557 2187 excellentiae
580 2131 652 2186 tuae
676 2131 707 2186 et
728 2128 873 2186 tribunali
893 2119 1024 2187 Orientis
1043 2128 1074 2186 in
1094 2129 1190 2188 omni·

174 2223 239 2300 bus,
261 2225 298 2281 ut
321 2223 414 2283 etiam
435 2243 515 2284 nunc
537 2224 708 2301 spectabilis
726 2225 906 2304 Augustalis
924 2224 1035 2284 subest.
1071 2226 1190 2285 Damus

176 2319 255 2379 enim
269 2319 315 2380 illi
330 2341 448 2382 omnem
460 2322 698 2383 iurisdictionem
712 2326 743 2382 et
755 2324 945 2400 potestatem,
965 2341 1057 2398 qnam
1072 2325 1189 2399 speeta-

173 2415 243 2477 bilis
265 2419 445 2499 Augustalis
466 2421 558 2480 habet

174 2605 235 2664 iam
258 2606 331 2666 olim
354 2607 382 2666 ei
405 2606 569 2684 attributis,
591 2606 624 2663 id
646 2608 692 2664 est
714 2605 831 2665 duabus
854 2605 1064 2664 Thebaidibus.

243 2701 277 2778 [ξ
296 2706 324 2762 2.
349 2703 431 2762 θααα
453 2705 547 2777 felicis
569 2700 715 2777 embolae]
763 2701 842 2761 Oura
869 2721 940 2762 vero
964 2705 995 2761 et
1017 2702 1189 2778 periculum

175 2800 239 2859 eius
262 2799 321 2859 erit
343 2802 379 2858 ut
401 2800 533 2876 primum
556 2799 677 2878 quidem
698 2800 867 2860 omnimodo
885 2799 1073 2859 fmmentum
1090 2799 1191 2859 felicis

175 2897 308 2956 embolae
332 2897 441 2977 exigat,
464 2897 555 2975 idque
573 2898 677 2958 mittat
695 2900 726 2956 et
744 2896 901 2973 spectabili
919 2896 1084 2975 Augustali
1101 2894 1189 2955 urbis

174 2994 446 3055 Alexandrinorum
472 2997 586 3075 tradet,
614 2998 646 3055 et
671 2997 812 3072 procuret
837 2996 875 3051 ut
900 2994 988 3070 plene
1016 2993 1103 3053 dictis
1126 2995 1189 3052 ter·

246 3203 308 3266 188)
318 3199 401 3255 Forte
412 3198 766 3256 ὑπακούσονται-τούτω.
817 3198 878 3267 187)
889 3196 955 3252 Ccd.
971 3197 1023 3265 εἴη.
1040 3221 1045 3230 ·
1075 3199 1138 3266 188)
1151 3195 1188 3250 In

173 3268 270 3324 codice
293 3272 338 3326 est
359 3271 463 3326 lsouns
485 3286 533 3324 sex
555 3269 701 3325 linearum.
737 3251 878 3322 Nimirum
899 3266 1095 3324 desiderantur
1111 3281 1189 3335 quse

173 3339 361 3395 iustinianum
387 3340 541 3396 verisimile
568 3345 612 3395 est
634 3338 797 3410 exposuisse
821 3337 925 3392 similia
947 3337 1005 3406 his,
1033 3353 1106 3406 qnae
1129 3338 1187 3392 cI

173 3416 278 3477 tl-⁵
297 3411 333 3467 de
352 3411 503 3482 Augustali
521 3412 551 3466 et
568 3427 591 3465 c.
606 3411 632 3465 11
650 3417 694 3476 §1
716 3409 751 3464 de
770 3409 839 3464 duce
856 3407 961 3478 Libyae
981 3407 1091 3463 sancita
1109 3409 1185 3463 sunt.

175 3484 237 3551 189)
256 3481 322 3536 (lod,
342 3477 408 3537 ἐστὶ.
446 3482 501 3537 Sed
519 3483 549 3537 et
567 3497 652 3552 supra
670 3478 755 3535 ἔσται.

924 643 939 733 )
957 650 1008 712 καὶ
1026 651 1194 733 adponeret-

177 749 239 818 λιος
262 739 312 826 ἦν,
334 745 563 827 δποκεισόμενος
585 753 650 820 ταῖς
674 746 868 809 διατνπῶσεσι
890 755 943 826 τῆς
965 757 1021 828 σῆς
1043 748 1195 832 ὑπεροχῆς
1213 739 1215 745 ’
1316 805 1317 812 ,

763 452 795 516 δὲ
823 455 930 517 τούτου
952 455 1003 517 καὶ
1026 457 1058 519 οἱ
1076 460 1196 521 τούτων
1315 477 1316 482 ’
